=LDR  04816cas a2201033 a 4500
=001  012441323
=003  Uk
=005  20230223160633.0
=006  m\\\\\o\\d\\\\\\\\
=007  cr\cn|||||||||
=008  941123c199u9999gw\wr\d\oi\\\\0\\\a2eng\d
=FMT  \\$a  SE
=020  \\$a9783598690068
=020  \\$a3598690061
=022  \\$a1865-0279$l1618-923X
=024  7\$a10.1515/IBZ$2doi
=035  \\$a(OCoLC)41906727
=040  \\$aCOO$beng$cCOO$dOCLCQ$dZCU$dWTU$dWAU$dOCLCQ$dCUI$dOCLCQ$dNDD$dOCLCO$dOCLCF$dOCLCO$dOCLCQ$dOCLCO$dOCL$dOCLCO$dCLU$dIUL$dGZM$dUCIDS$dOCLCO$dOCL$dNDD$dOCLCO$dOCLCQ$dUk
=041  0\$aeng$ager
=042  \\$aukblsr
=050  \4$aAI9
=082  04$a011.34$222
=222  \0$aInternationale Bibliographie der geistes- und sozialwissenschaftlichen Zeitschriftenliteratur$b(Internet)
=245  00$aIBZ online :$bInternationale Bibliographie der geistes- und sozialwissenschaftlichen Zeitschriftenliteratur.
=246  1\$iSubtitle in English:$aInternational bibliography of periodical literature in the humanities and social sciences
=246  1\$iAlso known as:$aDietrich
=247  10$aInternationale Bibliographie der Zeitschriftenliteratur$f<Aug. 31, 1998>
=247  10$aInternational bibliography of periodical literature$f(viewed Dec. 4, 2007)
=264  \1$aBerlin ;$aNew York :$bDe Gruyter
=300  \\$a1 online resource
=310  \\$aUpdated weekly,$b<July 8, 2019>
=321  \\$aUpdated monthly,$b<Jan. 8, 2010>
=336  \\$atext$2rdacontent
=336  \\$atext$btxt$2rdacontent
=337  \\$acomputer$2rdamedia
=337  \\$acomputer$bc$2rdamedia
=338  \\$aonline resource$2rdacarrier
=338  \\$aonline resource$bcr$2rdacarrier
=546  \\$aEnglish and German.
=500  \\$aPublished: Göttingen : Verbundzentrale des GBV; München : K.G. Saur, 2007-2009.
=500  \\$aCoverage: 1965 to the present.
=506  \\$aAccess limited to licensed institutions.
=520  \\$aUniversal index of periodical literature covering basic research from all fields of knowledge, and is particularly strong in the humanities and the social sciences. IBZ Online now lists more than 4.2 million journal articles from 11,500 journals. It is international in scope, and indexes a significant proportion of the periodicals published on the European continent.
=588  0\$aContents viewed on July 8, 2019; title from home page.
=650  \0$aPeriodicals$vIndexes.
=650  \0$aEuropean periodicals$vIndexes.
=650  \0$aHumanities$xPeriodicals$vIndexes.
=650  \0$aSocial sciences$xPeriodicals$vIndexes.
=650  \6$aPériodiques$vIndex.
=650  \6$aPériodiques européens$vIndex.
=650  \6$aSciences sociales$xPériodiques$vIndex.
=650  \7$aperiodical indexes.$2aat
=650  \7$aEuropean periodicals.$2fast$0(OCoLC)fst00916784
=650  \7$aHumanities$xPeriodicals.$2fast$0(OCoLC)fst00963616
=650  \7$aPeriodicals.$2fast$0(OCoLC)fst01058072
=650  \7$aSocial sciences$xPeriodicals.$2fast$0(OCoLC)fst01122939
=653  \\$aGeneral Interest and Reference
=653  \\$ahumanities$asocial sciences
=655  \7$aIndexes.$2fast$0(OCoLC)fst01423761
=655  \7$aReference works.$2fast$0(OCoLC)fst01919963
=655  \7$aSources.$2fast$0(OCoLC)fst01423900
=776  1\$tInternationale Bibliographie der Geistes- und Sozialwissenschaftlichen Zeitschriftenliteratur
=787  1\$tIBZ
=776  08$iPrint version:$tInternationale Bibliographie der geistes- und sozialwissenschaftlichen Zeitschriftenliteratur$x1618-923X
=856  40$uhttp://gso.gbv.de/DB=2.4/START_ABOUT$zFor subscribers only; BL Reading Room access
=856  40$uhttps://www.degruyter.com/db/ibz
=856  40$zLink no longer available as of September 8, 2014: http://refworks.reference-global.com/IBZ
=856  40$zLink no longer available as of September 8, 2014: http://refworks.reference-global.com/10.1515/IBZ
=852  41$aBritish Library$bHMNTS
=985  \\$aUpdated by MS generated file for WR2302-017
=A02  \\$a3002545$z0
=CAT  \\$aCONV$b00$c20040425$lBLL90$h0713
=CAT  \\$a3072$b40$c20050621$lBLL01$h1407
=CAT  \\$a3072$b40$c20050622$lBLL01$h1412
=CAT  \\$a3072$b40$c20050622$lBLL01$h1435
=CAT  \\$a3072$b40$c20050622$lBLL01$h1438
=CAT  \\$a3072$b40$c20050622$lBLL01$h1502
=CAT  \\$a3072$b40$c20050623$lBLL01$h1723
=CAT  \\$aBATCH$b00$c20091210$lBLL01$h2333
=CAT  \\$aBATCH$b00$c20091214$lBLL01$h0845
=CAT  \\$aBATCH$b00$c20091216$lBLL01$h0219
=CAT  \\$a3072$b40$c20221212$lBLL01$h1004
=CAT  \\$aW2302-0174$c20230223$lBLL01$h1952
=FIN  \\$aY$d20050622
=SID  \\$aZ39$bOCLC
=SRC  \\$aDSS02$bbibh.200404.2.aa
=STA  \\$aSUPPRESSED$bDatabase
=TCO  \\$aDEU$bVG WORT$c008
=LAS  \\$aW2302-0174$b00$c20230223$lBLL01$h1952

