=LDR  03715 ai a2200673 a 4500
=001  013508540
=003  Uk
=005  20101018162012.0
=006  m\\\\\\\\d\|\\\\\\
=007  cr||||||||||||
=008  060712c199u9999at\uu\d\siai\\0\\\a2eng\\
=FMT  \\$a  SE
=040  \\$aUk$beng$cUk$dUk
=042  \\$aukblsr
=082  04$a015.94$222
=245  00$aInformit$h[electronic resource] :$bthe source for online Australasian information.
=246  1\$iAlso known as:$aInformit database sets
=260  \\$aMelbourne :$bRMIT Publishing
=336  \\$atext$2rdacontent
=337  \\$acomputer$2rdamedia
=338  \\$aonline resource$2rdacarrier
=538  \\$aMode of access: World Wide Web.
=505  0\$aContents: Informit plus text (APAFT, Meditext, A+Education, AGIS plus, Family & society plus).- Informit indexes (ALISA, Ausport, MAIS, CINCH).- Informit e-library.
=520  \\$aCollection of online bibliographic databases, includes summaries/abstracts of journal articles on Australian political, economic, legal, social, aboriginal, health, family, technical and cultural affairs indexed in over 80 databases.
=506  \\$aBy subscription only; Library subscribes to: Informit plus text (APAFT, A+Education, AGIS plus, Family plus).- Informit indexes (ALISA, Ausport, MAIS, CINCH).- Informit e-library (catalogued separately).
=500  \\$aTitle from database selection screen (viewed on 8th Nov. 2006).
=650  \0$aAustralian periodicals$vIndexes.
=650  \0$aBusiness$xPeriodicals$vIndexes.
=650  \0$aSocial services$vPeriodicals$vIndexes.
=650  \0$aHealth$vPeriodicals$vIndexes.
=856  4\$ahttp://search.informit.com.au/resourceSelection$zFor subscribers only; BL Reading Room access
=852  41$aBritish Library$bHMNTS
=985  \\$aemail from Cathy Lott 7/10/2010 that we no longer subscribe to Meditext - note taken out of 506, and holding taken out of Meditext record.
=CAT  \\$a6524$b40$c20060712$lBLL01$h1056
=CAT  \\$a3072$b40$c20061108$lBLL01$h1639
=CAT  \\$a3072$b40$c20061109$lBLL01$h1000
=CAT  \\$a3072$b40$c20061116$lBLL01$h1442
=CAT  \\$a3072$b40$c20061116$lBLL01$h1622
=CAT  \\$a3072$b40$c20061116$lBLL01$h1704
=CAT  \\$a3072$b40$c20061116$lBLL01$h1709
=CAT  \\$a3072$b40$c20061116$lBLL01$h1714
=CAT  \\$a3072$b40$c20061117$lBLL01$h1359
=CAT  \\$a3072$b40$c20061117$lBLL01$h1414
=CAT  \\$a3072$b40$c20101018$lBLL01$h1619
=CAT  \\$a3072$b40$c20101018$lBLL01$h1620
=CAT  \\$aBATCH-UPD$b40$c20131021$lBLL01$h1141
=FIN  \\$aY$d20061108
=LKR  \\$aPAR$b013604154$lBLL01$mInformit the source for online Australasian information.$nAUSPORT Australian sport database.
=LKR  \\$aPAR$b013604267$lBLL01$mInformit the source for online Australasian information.$nAGIS plus text
=LKR  \\$aPAR$b013597674$lBLL01$mInformit the source for online Australasian information.$nAPA-FT
=LKR  \\$aPAR$b013600225$lBLL01$mInformit the source for online Australasian information.$nMeditext
=LKR  \\$aPAR$b013604690$lBLL01$mInformit the source for online Australasian information.$nMAIS multicultural Australia and immigration studies.
=LKR  \\$aPAR$b013604671$lBLL01$mInformit the source for online Australasian information.$nFamily & society plus
=LKR  \\$aPAR$b013604971$lBLL01$mInformit the source for online Australasian information.$nCINCH
=LKR  \\$aPAR$b013604674$lBLL01$mInformit the source for online Australasian information.$nALISA
=LKR  \\$aPAR$b013604656$lBLL01$mInformit the source for online Australasian information.$nA+ education
=STA  \\$aSUPPRESSED$bDatabase
=TCO  \\$aAUS$bCAL$c008
=LAS  \\$aBATCH-UPD$b40$c20131021$lBLL01$h1141

