=LDR  01994 am a2200505 a 4500
=001  013554122
=003  Uk
=005  20061017110457.0
=006  m\\\\|\\\d\|\\\\\\
=007  cr||||||||||||
=008  060914s2006\\\\enk\\\\\s\\\\\000\0\eng\\
=FMT  \\$a  BK
=015  \\$aGBA687312$2bnb
=020  \\$a0753019132 :$cNo price
=040  \\$aUk$beng$cUk
=042  \\$aukblsr
=082  04$a336.3435$222
=100  1\$aBugamelli, Matteo,$d1967-
=245  10$aDo workers' remittances reduce the probability of current account reversals?$h[electronic resource] /$cMatteo Bugamelli and Francesco Paternò.
=260  \\$aLondon :$bCentre for Economic Performance, London School of Economics and Political Science,$cc2006.
=336  \\$atext$2rdacontent
=337  \\$acomputer$2rdamedia
=338  \\$aonline resource$2rdacarrier
=490  1\$aCEP discussion paper ;$vno. 714
=500  \\$aTitle from PDF file (viewed on 17 Oct., 2006).
=530  \\$aAlso available in print.
=538  \\$aSystem requirements: Adobe Acrobat Reader.
=538  \\$aMode of access: World Wide Web.
=500  \\$a"February 2006."
=504  \\$aIncludes bibliographical references.
=650  \0$aEmigrant remittances.
=650  \0$aDebts, External.
=700  1\$aPaternò, Francesco.
=710  2\$aLondon School of Economics and Political Science.$bCentre for Economic Performance.
=830  \0$aDiscussion paper (London School of Economics and Political Science. Centre for Economic Performance : Online) ;$vno. 714.
=856  40$ahttp://cep.lse.ac.uk/pubs/download/dp0714.pdf
=852  \\$aBritish Library$bHMNTS
=CAT  \\$a7750$b40$c20060914$lBLL01$h0909
=CAT  \\$a7750$b40$c20060914$lBLL01$h0910
=CAT  \\$a7332$b40$c20061017$lBLL01$h1100
=CAT  \\$a7332$b40$c20061017$lBLL01$h1104
=CAT  \\$aW1711-1225$c20171203$lBLL01$h1024
=FIN  \\$aY$d20061017
=STA  \\$aSUPPRESSED$bunable to determine reason for suppression
=LAS  \\$aW1711-1225$b00$c20171203$lBLL01$h1024

