=LDR  02138 ai a2200577 a 4500
=001  007196548
=003  Uk
=005  20120316114006.0
=006  m\\\\\\\\d\|\\\\\\
=007  cr||||||||||||
=008  040416c199u9999xxuuu\d\saai\\0\\\a2eng\\
=FMT  \\$a  SE
=015  \\$aGBA553976$2bnb
=040  \\$aUk$beng$cUk$dUk
=042  \\$aukblsr
=082  04$a370$222
=245  00$aERIC$h[electronic resource].
=246  3\$aERIC database
=260  \\$a[New York, N.Y. ;$aLondon :$bOvid Technologies]
=336  \\$atext$2rdacontent
=337  \\$acomputer$2rdamedia
=338  \\$aonline resource$2rdacarrier
=538  \\$aMode of access: World Wide Web.
=550  \\$aProduced by the Educational Resources Information Center.
=520  \\$aAbstracting database consisting of two files: Resources in education (covering research reports, teaching guides, conference papers and books) and the: Current index to journals in education.
=500  \\$aTitle from database selection screen (viewed on 28 June 2005).
=650  \0$aEducation$vAbstracts.
=650  \0$aEducation$vIndexes.
=710  2\$aEducational Resources Information Center.
=730  02$aResources in education$x0098-0897.
=740  02$aCurrent index to journals in education.
=856  4\$ahttp://web5s.silverplatter.com/webspirs/start.ws
=852  41$aBritish Library$bHMNTS$je-media
=852  41$aBritish Library$bSTI
=A02  \\$a1446497$z46497
=CAT  \\$aCONV$b00$c20040425$lBLL90$h0713
=CAT  \\$aCONV$b00$c20040502$lBLL01$h1212
=CAT  \\$a3072$b40$c20050628$lBLL01$h1642
=CAT  \\$a3072$b40$c20050706$lBLL01$h1653
=CAT  \\$aBATCH$b00$c20091207$lBLL01$h0417
=CAT  \\$aBATCH$b00$c20091214$lBLL01$h0222
=CAT  \\$aBATCH$b00$c20091216$lBLL01$h0042
=CAT  \\$a3072$b40$c20120316$lBLL01$h1139
=CAT  \\$a3072$b40$c20120316$lBLL01$h1140
=CAT  \\$aBATCH-UPD$b40$c20131021$lBLL01$h1141
=CAT  \\$aWR14_140$c20140905$lBLL01$h1714
=FIN  \\$aY$d20050706
=SRC  \\$aDSS03$bbibsr.200404.2.aa
=STA  \\$aSUPPRESSED$bDatabase
=TCO  \\$aTRS$bCCC$c008
=LAS  \\$aWR14_140$b00$c20140905$lBLL01$h1714

