=LDR  02171 as a22005653  4500
=001  007195395
=003  Uk
=005  20050629170831.0
=006  m\\\\\\\\d\|\\\\\\
=007  cr||||||||||||
=008  040416c200u9999enkuu\p\slv\\\0\\\a0eng\\
=FMT  \\$a  SE
=015  \\$aGBA555547$2bnb
=040  \\$aUk$beng$cUk
=041  0\$aeng$afre$ager$aita
=042  \\$aukblsr
=082  04$a341.2422$222
=130  0\$aEurolaw (Online)
=245  10$aEurolaw$h[electronic resource] /$cILI.
=260  \\$aAscot :$bILI.
=336  \\$atext$2rdacontent
=337  \\$acomputer$2rdamedia
=338  \\$aonline resource$2rdacarrier
=538  \\$aMode of access: World Wide Web.
=546  \\$aInterface in English, French, German and Italian.
=520  \\$aCovers in full text all the treaties of the EU; the directives and regulations; proposed legislation; case law; national implementation details; parliamentary questions and information and notices from the C series of the Official journal.
=500  \\$aTitle from search screen (viewed on 28 June 2005)
=650  \0$aLaw$zEuropean Union countries.
=650  \0$aLaw reports, digests, etc.$zEuropean Union countries.
=710  2\$aILI (Firm : Ascot, England)
=787  0\$tEurolaw
=856  4\$ahttp://www.ili.co.uk$zFor subscribers only; BL Reading Room access
=852  41$aBritish Library$bHMNTS$je-media
=852  41$aBritish Library$bSTI
=A02  \\$a1446877$z46877
=CAT  \\$aCONV$b00$c20040425$lBLL90$h0713
=CAT  \\$aCONV$b00$c20040502$lBLL01$h1212
=CAT  \\$a3072$b40$c20050628$lBLL01$h1714
=CAT  \\$a3072$b40$c20050628$lBLL01$h1719
=CAT  \\$a3072$b40$c20050629$lBLL01$h1708
=CAT  \\$aBATCH$b00$c20091207$lBLL01$h0417
=CAT  \\$aBATCH$b00$c20091214$lBLL01$h0222
=CAT  \\$aBATCH$b00$c20091216$lBLL01$h0041
=CAT  \\$aBATCH-UPD$b00$c20131021$lBLL01$h1141
=FIN  \\$aY$d20050629
=LKR  \\$aPAR$b009566933$lBLL01$r787$mEurolaw$nEurolaw the official full text legal database of the European Union.
=SRC  \\$aDSS03$bbibsr.200404.2.aa
=STA  \\$aSUPPRESSED$bDatabase
=TCO  \\$aCLA$bCLA$c008
=LAS  \\$aBATCH-UPD$b00$c20131021$lBLL01$h1141

