=LDR  01958 as a2200505 a 4500
=001  015463768
=003  Uk
=005  20100113143020.0
=006  m\\\\\\\\d\|\\\\\\
=007  cr||||||||||||
=008  100113c20009999enkqu\p\s\\\\\0\\\a0eng\\
=015  \\$aGBB005560$2bnb
=022  0\$y1746-1774
=040  \\$aUk$beng$cUk
=042  \\$aukblsr
=082  04$a994.005$222
=130  0\$aLondon papers in Australian studies (Online)
=245  10$aLondon papers in Australian studies$h[electronic resource].
=260  \\$aLondon :$bMenzies Centre for Australian Studies,$c2000-
=310  \\$aQuarterly
=336  \\$atext$2rdacontent
=337  \\$acomputer$2rdamedia
=338  \\$aonline resource$2rdacarrier
=362  0\$aNo. 1 (2000)-
=500  \\$aDescription based on: no. 1 (2000); title from PDF caption (publisher's Web site, viewed on 13 Jan. 2010).
=500  \\$aLatest issue consulted: no. 16 (2008) (viewed on 13 Jan. 2010).
=530  \\$aAlso issued in print.
=538  \\$aMode of access: World Wide Web.
=538  \\$aSystem requirements: Adobe Acrobat Reader.
=650  \0$aAustralians$xHistory$vPeriodicals.
=651  \0$aAustralia$xHistory$vPeriodicals.
=710  2\$aSir Robert Menzies Centre for Australian Studies.
=776  1\$aLondon papers in Australian studies$x1746-1774
=852  41$aBritish Library$bHMNTS
=856  40$ahttp://www.kcl.ac.uk/schools/humanities/depts/menzies/research/pubs/lp.html
=CAT  \\$a8201$b40$c20100113$lBLL01$h1430
=CAT  \\$aBATCH-UPD$b40$c20151012$lBLL01$h0713
=CAT  \\$aW1711-1225$c20171203$lBLL01$h1036
=FIN  \\$aY$d20100113
=FMT  \\$a  SE
=LAS  \\$aW1711-1225$b00$c20171203$lBLL01$h1036
=LET  \0$aLondon papers in Australian studies (Online)
=LKR  \\$aPAR$b011128270$lBLL01$r7761$mLondon papers in Australian studies$nLondon papers in Australian studies
=STA  \\$aSUPPRESSED$bunable to determine reason for suppression
=TCO  \\$aCLA$bCLA$c008

