=LDR  04337cai a2200841 a 4500
=001  007031814
=003  Uk
=005  20230420161918.0
=006  m\\\\\\\\e\\\\\\\\
=007  cr||||||||||||
=008  040301c19929999xxuzr\d\s\\\\\0\\\a2rus\\
=FMT  \\$a  SE
=015  \\$aGBA329659$2bnb
=019  y\$abA329659
=019  9\$abA329659
=039  0\$a2783
=040  \\$aUk$cUk$dUk
=042  \\$aukblsr
=082  04$a016.00130947$221
=245  00$aRussian Academy of Sciences bibliographies$h[electronic resource].
=246  1\$iTitle from search screen:$aRussianAcadSci
=246  13$aRussianAcad Sci
=246  3\$aRAS
=246  1\$iCommonly known as:$aINION
=260  \\$a[Dublin, Ohio] :$bOCLC
=264  31$3<2013-> :$a[Ipswich, MA] :$bEBSCO Industries, Inc.
=310  \\$aUpdated 2 or 3 times per year
=336  \\$atext$2rdacontent
=337  \\$acomputer$2rdamedia
=338  \\$aonline resource$2rdacarrier
=362  1\$aBegan in 1992.
=500  \\$aTitle from search screen (EBSCOhost, viewed April 20, 2023).
=520  \\$aCovers over 12,500 periodicals published primarily in Russia, the republics of the former Soviet Union, and countries in Eastern Europe. Created by the Institute of Scientific Information on Social Sciences of the Russian Academy of Sciences. Coverage from 1986 to date.
=530  \\$a"Available online only" - help screen.
=538  \\$aMode of access: World Wide Web.
=550  \\$aMade available until Sept. 2007 by the Research Libraries Group.
=650  \0$aSocial sciences$zEurope, Eastern$xPeriodicals$vIndexes.
=650  \0$aSocial sciences$zFormer Soviet Republics$xPeriodicals$vIndexes.
=650  \0$aHumanities$zEurope, Eastern$xPeriodicals$vIndexes.
=650  \0$aHumanities$zFormer Soviet Republics$xPeriodicals$vIndexes.
=650  \0$aSoviet periodicals$vBibliography$vIndexes.
=650  \0$aEast European periodicals$vBibliography$vIndexes.
=710  2\$aAkademii︠a︡ nauk SSSR.$bBiblioteka.
=710  2\$aInstitut nauchnoĭ informat︠s︡ii po obshchestvennym naukam (Akademii︠a︡ nauk SSSR)
=710  2\$aResearch Libraries Group.
=710  2\$aOCLC.
=730  0\$aOCLC FirstSearch.
=710  2\$aEBSCO Publishing (Firm)
=856  40$uhttp://www.oclc.org/firstsearch/$zFor subscribers only, requires account and password; BL Reading Room access
=856  40$uhttp://eureka.rlg.ac.uk$zNo longer links to resource as of Oct. 2007
=856  40$3EBSCOhost$uhttp://search.ebscohost.com/login.aspx?authtype=ip,uid&profile=ehost&defaultdb=rsb
=886  2\$2ukmarc$a910$b20$aAkademii︠a︡ nauk SSSR$cInstitut nauchnoĭ informat︠s︡ii po obshchestvennym naukam$xSee$aInstitut nauchnoĭ informat︠s︡ii po obshchestvennym naukam$z710
=886  2\$2ukmarc$a910$b20$aInstitute of Scientific Information in the Social Sciences$xSee$aInstitut nauchnoĭ informat︠s︡ii po obshchestvennym naukam$z710
=886  2\$2ukmarc$a910$b20$aINION$xSee$aInstitut nauchnoĭ informat︠s︡ii po obshchestvennym naukam$z710
=852  41$aBritish Library$bHMNTS
=985  \\$aAdmin due to be closed June 2023 (email April 2023: "Due to Ebsco suspending business with Russia and Belarus, can I request that you close the Aleph record for order number 130164137, at the end of June"); bib record merged with brief record 016511979 245 "Consumer Health Information - Russian - online" + 246 "Russian Academy Sciences bibliographies"; 245 in 016511979 a mystery but its order info is for the Ebsco Russian Academy product, so order moved to 007031814 as this is the bib record that matches the order - GC 20/4/23.
=CAT  \\$aCONV$b00$c20040425$lBLL90$h0531
=CAT  \\$aCONV$b00$c20040502$lBLL01$h1207
=CAT  \\$a8964$b40$c20051010$lBLL01$h1318
=CAT  \\$a3072$b40$c20081215$lBLL01$h1135
=CAT  \\$a3072$b40$c20081215$lBLL01$h1137
=CAT  \\$a3072$b40$c20081215$lBLL01$h1142
=CAT  \\$a3072$b40$c20081215$lBLL01$h1143
=CAT  \\$aBATCH-UPD$b40$c20131021$lBLL01$h1141
=CAT  \\$aWR14_140$c20140905$lBLL01$h1709
=CAT  \\$a3072$b40$c20230420$lBLL01$h1601
=CAT  \\$a3072$b40$c20230420$lBLL01$h1619
=FIN  \\$aY
=LEO  \\$aMP5.0000021067
=SRC  \\$aBNB03$bbibmp5.200404.2.aa
=STA  \\$aSUPPRESSED$bDatabase
=TCO  \\$aTRS$bCCC$c008
=LAS  \\$a3072$b40$c20230420$lBLL01$h1619

