=LDR  03200 ai a2200769 a 4500
=001  012441882
=003  Uk
=005  20111031153709.0
=008  960715c19959999mdudr\d\o\\\\\0\\\\2eng\\
=010  \\$a2011228759$z2001562585
=035  \\$a(OCoLC)ocm47745973
=037  \\$bProject Muse Subscription Coordinator (Email: muse@muse.jhu.edu)
=040  \\$aDLC$cDLC$dTXA$dN@F$dZCU$dBTCTA$dUV0$dSYB$dZAD$dPAU$dDLC$dUk
=042  \\$aukblsr
=050  00$aAC1100
=082  04$a050$223
=245  00$aProject Muse$h[electronic resource].
=246  1\$aProjectMuse
=250  \\$a[Standard collection].
=260  \\$aBaltimore, MD :$bJohns Hopkins University Press,$c[1995]-
=310  \\$aUpdated daily
=336  \\$atext$2rdacontent
=337  \\$acomputer$2rdamedia
=338  \\$aonline resource$2rdacarrier
=520  \\$aProvides access to journals published by the Johns Hopkins University Press. Disciplines covered are humanities and social sciences. A brief bibliographic description of each title is given.
=536  \\$aFunded by grants from Andrew W. Mellon Foundation and the National Endowment for the Humanities.
=538  \\$aMode of access: World Wide Web.
=550  \\$aProduced by the Johns Hopkins University Press in collaboration with The Milton S. Eisenhower Library.
=588  \\$aDescription based on Project MUSE webpage (Project MUSE, viewed January 18, 2011); title from home page.
=650  \0$aScholarly periodicals$vDatabases.
=650  \0$aScholarly periodicals$vIndexes.
=650  \0$aHumanities$vPeriodicals$vDatabases.
=650  \0$aHumanities$xPeriodicals$vIndexes.
=650  \0$aSocial sciences$vPeriodicals$vDatabases.
=650  \0$aSocial sciences$xPeriodicals$vIndexes.
=655  \0$aElectronic journals.
=655  \0$aOnline databases.
=655  \0$aElectronic reference sources.
=710  2\$aMilton S. Eisenhower Library.
=710  2\$aProject Muse.
=710  2\$aJohns Hopkins University.
=710  2\$aJohns Hopkins Press.
=852  41$aBritish Library$bHMNTS$je-media
=852  41$aBritish Library$bHMNTS
=856  40$uhttp://muse.jhu.edu/$zFor subscribers only; BL Reading Room access
=985  \\$aSupplier will change to JISC collections from Jan 2012, and from "Standard" to "Basic Research" collection at same time - info from I.C. 26/10/2011
=A02  \\$a1341901$z141901
=CAT  \\$aCONV$b00$c20040425$lBLL90$h0713
=CAT  \\$aCONV$b00$c20040502$lBLL01$h1509
=CAT  \\$aBATCH$b00$c20091210$lBLL01$h2334
=CAT  \\$aBATCH$b00$c20091214$lBLL01$h0846
=CAT  \\$aBATCH$b00$c20091216$lBLL01$h0219
=CAT  \\$a3072$b40$c20111027$lBLL01$h1653
=CAT  \\$a3072$b40$c20111027$lBLL01$h1718
=CAT  \\$a3072$b40$c20111028$lBLL01$h1417
=CAT  \\$a3072$b40$c20111028$lBLL01$h1422
=CAT  \\$a3072$b40$c20111031$lBLL01$h1537
=CAT  \\$aBATCH-UPD$b40$c20131021$lBLL01$h1141
=CAT  \\$aWR14_185$c20160214$lBLL01$h1231
=CAT  \\$aWR14_185$c20160214$lBLL01$h1239
=FIN  \\$aY$d20111027
=FMT  \\$a  SE
=LAS  \\$aWR14_185$b00$c20160214$lBLL01$h1239
=SID  \\$aZ39$bLOC
=SRC  \\$aDSS02$bbibh.200404.2.aa
=STA  \\$aSUPPRESSED$bDatabase
=TCO  \\$aZZZ$c008

