=LDR  02140 as a22005897a 4500
=001  012445868
=003  Uk
=005  20081205111527.0
=006  m\\\\\\\\d\|\\\\\\
=007  cr||||||||||||
=008  040416c199u9999xxudr\p\s\i\\\0\\\a0eng\\
=040  \\$aUk$beng$cUk
=042  \\$aukblsr
=082  04$a070$222
=245  00$aDialog newsRoom$h[electronic resource].
=260  \\$aCary, N.C. :$bThomson Dialog.
=310  \\$aUpdated daily.
=336  \\$atext$2rdacontent
=337  \\$acomputer$2rdamedia
=338  \\$aonline resource$2rdacarrier
=500  \\$aTitle from search screen (viewed 15th Dec. 2004)
=520  \\$aComprehensive source of over 7,500 global newspapers, news wires, trade journals and magazines, covering the last 5 years.
=538  \\$aMode of access: World Wide Web.
=650  \0$aNewspapers$vDatabases.
=650  \0$aNewspapers$vDatabases$vIndexes.
=650  \0$aPeriodicals$vDatabases.
=650  \0$aPeriodicals$vDatabases$vIndexes.
=650  \0$aBusiness$vDatabases.
=650  \0$aBusiness$vDatabases$vIndexes.
=852  41$aBritish Library$bSTI
=856  40$uhttp://www.dialognewsroom.com$zFor subscribers only, requires user name and password; BL Reading Room access
=A02  \\$a3022478$z0
=CAT  \\$aCONV$b00$c20040425$lBLL90$h0713
=CAT  \\$aCONV$b00$c20040502$lBLL01$h1509
=CAT  \\$a3072$b40$c20050120$lBLL01$h1339
=CAT  \\$a3072$b40$c20050120$lBLL01$h1606
=CAT  \\$a3072$b40$c20050204$lBLL01$h1703
=CAT  \\$a3072$b40$c20050210$lBLL01$h1549
=CAT  \\$a11279$b40$c20080124$lBLL01$h1546
=CAT  \\$a3072$b40$c20081205$lBLL01$h1115
=CAT  \\$aBATCH$b00$c20091210$lBLL01$h2335
=CAT  \\$aBATCH$b00$c20091214$lBLL01$h0847
=CAT  \\$aBATCH$b00$c20091216$lBLL01$h0220
=CAT  \\$aBATCH-UPD$b00$c20131021$lBLL01$h1141
=CAT  \\$aW1711-1225$c20171203$lBLL01$h1020
=FIN  \\$aY$d20050210
=FMT  \\$a  SE
=LAS  \\$aW1711-1225$b00$c20171203$lBLL01$h1020
=SRC  \\$aDSS03$bbibsr.200404.2.aa
=STA  \\$aSUPPRESSED$bunable to determine reason for suppression
=STA  \\$aSUPPRESSED$bDatabase
=TCO  \\$aTRS$bCCC$c008

