=LDR  02885 ai a2200673 a 4500
=001  012447343
=003  Uk
=005  20131010160147.0
=006  m\\\\\\\\d\|\\\\\\
=007  cr||||||||||||
=008  040416c199u9999enkdr\d\sai\\\0\\\a2eng\\
=015  \\$aGBA514651$2bnb
=040  \\$aUk$beng$cUk$dUk
=042  \\$aukblsr
=082  04$a307.760941$222
=245  00$aUrbaline$h[electronic resource].
=247  10$aAcompline / urbaline$f<2005>
=260  \\$a[Great Britain] :$bOCLC UK Limited / Greater London Authority
=310  \\$aUpdated daily
=336  \\$atext$2rdacontent
=337  \\$acomputer$2rdamedia
=338  \\$aonline resource$2rdacarrier
=500  \\$aFormerly published solely by the Greater London Authority.
=500  \\$aTitle from welcome screen (viewed on Nov. 28, 2008).
=520  \\$aBibliographic references with abstracts to newspaper and journal articles, books and reports on urban studies and strategic planning from the Greater London Authority Library. Contain details of around 400,000 documents from the early 1980s to the present, including urban and regional planning, social policy, local government, environmental issues, transportation, culture, economic development, housing, education, social policy and community relations.
=538  \\$aMode of access: World Wide Web.
=650  \0$aUrban policy$zGreat Britain.
=650  \0$aUrban policy$zGreat Britain$vIndexes.
=650  \0$aSocial policy$zGreat Britain.
=650  \0$aSocial policy$zGreat Britain$vIndexes.
=650  \0$aUrban policy$vIndexes.
=650  \0$aSocial policy$vIndexes.
=690  7\$aSocial Welfare$2blcoll
=710  2\$aGreater London Authority.
=710  2\$aGreater London Authority.$bResearch Library.
=852  41$aBritish Library$bSTI
=856  40$uhttps://urbaline.london.gov.uk/olibcgi$zFor subscribers only, requires user name and password; BL Reading Room access
=985  \\$aDiscontinued March 2012, email from Jennie Grimshaw (AG)
=A02  \\$a3024398$z0
=CAT  \\$aCONV$b00$c20040425$lBLL90$h0713
=CAT  \\$aCONV$b00$c20040502$lBLL01$h1509
=CAT  \\$a3072$b40$c20050217$lBLL01$h1330
=CAT  \\$a3072$b40$c20050217$lBLL01$h1615
=CAT  \\$a3072$b40$c20081128$lBLL01$h1024
=CAT  \\$a3072$b40$c20081128$lBLL01$h1028
=CAT  \\$a3072$b40$c20081128$lBLL01$h1036
=CAT  \\$aBATCH$b00$c20091210$lBLL01$h2336
=CAT  \\$aBATCH$b00$c20091214$lBLL01$h0847
=CAT  \\$aBATCH$b00$c20091216$lBLL01$h0221
=CAT  \\$aBATCH$b00$c20110625$lBLL01$h0502
=CAT  \\$aBATCH-SWP4$c20110627$lBLL01$h1542
=CAT  \\$a11279$b40$c20131010$lBLL01$h1601
=CAT  \\$aBATCH-UPD$b40$c20131021$lBLL01$h1142
=FIN  \\$aY$d20050217
=FMT  \\$a  SE
=LAS  \\$aBATCH-UPD$b40$c20131021$lBLL01$h1142
=SRC  \\$aDSS03$bbibsr.200404.2.aa
=STA  \\$aSUPPRESSED$bDatabase
=TCO  \\$aCLA$bCLA$c008

