=LDR  04462cai a2201021 a 4500
=001  012448328
=003  Uk
=005  20221231204825.0
=006  m\\\\\\\\d\|\\\\\\
=007  cr||||||||||||
=008  040409d199u202une\uu\d\s\\\\\0\\\a2eng\\
=FMT  \\$a  SE
=015  \\$aGBA580803$2bnb
=019  c\$a2598269
=040  \\$aUk$beng$cUk$dUk
=042  \\$aukblsr
=082  04$a330.9$222
=245  00$aEIU countrydata$h[electronic resource] /$cEconomist Intelligence Unit.
=246  3\$aCountrydata
=246  13$aEIU country data
=246  3\$aEconomist Intelligence Unit countrydata
=246  3\$aEIU country data
=246  3\$aCountry data
=246  1\$iAlso known as:$aBvD CountryData
=260  \\$aAmsterdam ;$aLondon :$bBureau van Dijk
=336  \\$atext$2rdacontent
=337  \\$acomputer$2rdamedia
=338  \\$aonline resource$2rdacarrier
=500  \\$aBegan in 1999?
=538  \\$aMode of access: World Wide Web.
=520  \\$aAnalytical database of world-wide macroeconomic indicators and forecasts with more than 280 economic series. Covers 117 countries and 40 regional aggregates.
=500  \\$aTitle from welcome screen (viewed on 21 Sept. 2005).
=540  \\$aCurrent Copyright Fee: GBP25.00$c0$5Uk
=650  \0$aEconomic forecasting.
=650  \0$aEconomic indicators.
=690  7\$aManagement and Business Studies$2blcoll
=710  2\$aBureau van Dijk Electronic Publishing.
=710  2\$aEconomist Intelligence Unit (Great Britain)
=856  40$uhttp://countrydata.bvdep.com/ip$zFor subscribers only
=852  41$aBritish Library$bSTI
=945  \\$aEIU COUNTRYDATA - ONLINE.
=979  \\$aBritish Library$bDSC$j3668.236750N
=985  \\$aN.B. REPLACED BY 020487292 "EIU VIEWPOINT" - SEE THAT RECORD FOR 2022 ETC ORDER INFO. THIS RESOURCE NOT REVIEWED SINCE 2005. SUB RENEWAL INFO: BvD CountryData is no longer available as the EIU and BVD relationship will be coming to a close in March 2022.
=A02  \\$a2598269$z0
=CAT  \\$aCONV$b00$c20040425$lBLL90$h0713
=CAT  \\$aBATCH-UPD$b00$c20101124$lBLL01$h1943
=CAT  \\$aBATCH-UPD$b00$c20101125$lBLL01$h1211
=CAT  \\$aIPL-CLA$c20101231$lBLL01$h1509
=CAT  \\$aWR11_203$c20111204$lBLL01$h1506
=CAT  \\$aIPL-CLA$c20111230$lBLL01$h2014
=CAT  \\$aBATCH-CLA$b00$c20121109$lBLL01$h1733
=CAT  \\$aWR13.005$c20130323$lBLL01$h1512
=CAT  \\$aBATCH-UPD$b00$c20131021$lBLL01$h1141
=CAT  \\$aBATCH-CLA$c20131220$lBLL01$h2023
=CAT  \\$aIPL-CLA$c20131231$lBLL01$h2328
=CAT  \\$aBATCH-UPD$b00$c20160923$lBLL01$h2356
=CAT  \\$aBATCH-CLA$b00$c20161222$lBLL01$h1801
=CAT  \\$aIPL-CLA$c20161230$lBLL01$h2114
=CAT  \\$aBATCH-CLA$b00$c20171222$lBLL01$h2120
=CAT  \\$aIPL-CLA$c20171231$lBLL01$h1624
=CAT  \\$aBATCH-CLA$b00$c20191219$lBLL01$h1729
=CAT  \\$aIPL-CLA$c20191231$lBLL01$h1923
=CAT  \\$aR2001-1524$c20200127$lBLL01$h2001
=CAT  \\$aBATCH-CLA$b00$c20201204$lBLL01$h1529
=CAT  \\$aIPL-CLA$c20201231$lBLL01$h2145
=CAT  \\$a3072$b40$c20220221$lBLL01$h1758
=CAT  \\$a3072$b40$c20220221$lBLL01$h1805
=CAT  \\$a3072$b40$c20220222$lBLL01$h1035
=CAT  \\$aBATCH-CLA$b00$c20221221$lBLL01$h1837
=CAT  \\$aIPL-CLA$c20221231$lBLL01$h2048
=CFI  0\$aCurrent Copyright Fee: GBP25.00$c0$e01-jan-2023$fGBP25.00$g0$hA$5Uk
=CFI  2\$aPrevious Copyright Fee: GBP22.50$c0$e01-jan-2021$fGBP22.50$g0$hA$5Uk
=FIN  \\$aY$d20050922
=LEO  \\$aMP10.0000204605
=SRC  \\$aDSS03$bbibsr.200404.2.aa
=SRC  \\$aDSS01$bbibmp10.200404.2.aa
=STA  \\$aSUPPRESSED$bDatabase
=TCO  \\$aNLD$bSTICHTING REPRORECHT$c008
=ACF  \\$aPrevious copyright fee: GBP9.00$c0$e01-apr-2010$fGBP9.00$g0$hA$5Uk
=ACF  \\$aPrevious copyright fee: GBP6.00$c0$e01-apr-2008$fGBP6.00$g0$hA$5Uk
=ACF  \\$aPrevious copyright fee: GBP5.00$c0$e01-oct-2002$fGBP5.00$g0$hA$5Uk
=ACF  \\$aPrevious copyright fee: GBP10.50$c0$e01-jan-2011$fGBP10.50$g0$hA$5Uk
=ACF  \\$aPrevious copyright fee: GBP12.00$c0$e01-jan-2012$fGBP12.00$g0$hA$5Uk
=ACF  \\$aPrevious Copyright Fee: GBP12.30$c0$e01-jan-2014$fGBP12.30$g0$hA$5Uk
=ACF  \\$aPrevious Copyright Fee: GBP15.00$c0$e01-jan-2017$fGBP15.00$g0$hA$5Uk
=ACF  \\$aPrevious Copyright Fee: GBP17.50$c0$e01-jan-2018$fGBP17.50$g0$hA$5Uk
=ACF  \\$aPrevious Copyright Fee: GBP20.00$c0$e01-jan-2020$fGBP20.00$g0$hA$5Uk
=LAS  \\$aIPL-CLA$b00$c20221231$lBLL01$h2048

