=LDR  02068 ai a2200529 a 4500
=001  012454135
=003  Uk
=005  20140224141803.0
=007  cr||||||||||||
=008  040226c199u9999xxufr\d\s\\\\\0\\\a2eng\\
=019  1\$abld00L1179
=040  \\$aUk$cUk$dUk
=082  04$a016.78$221
=245  00$aRISM$h[electronic resource] :$binternational inventory of musical sources after 1600.
=246  3\$aInventory of musical sources after 1600
=246  3\$aRépertoire des sources musicales
=260  \\$aBaltimore, Md. :$bNISC International, Inc.
=310  \\$aUpdated every six months
=336  \\$atext$2rdacontent
=337  \\$acomputer$2rdamedia
=338  \\$aonline resource$2rdacarrier
=500  \\$aPart of NISC's BiblioLine Web search service.
=500  \\$aTitle from main search screen (viewed on 11 Apr., 2003). Other title: Répertoire des sources musicales.
=520  \\$aRISM documents the world's musical sources of manuscripts or printed music, works on music theory and libretti stored in libraries, archives, monasteries, schools and private collections.
=538  \\$aMode of access: World Wide Web.
=650  \0$aMusic$xManuscripts$vIndexes.
=650  \0$aMusic theory$xManuscripts$vIndexes.
=852  41$aBritish Library$bHMNTS
=856  40$uhttp://biblioline.nisc.com/scripts/login.dll?Biblioline$zFor subscribers only
=957  \\$a030411p
=985  \\$aRecord merged by DQ team
=CAT  \\$aCONV$b00$c20040425$lBLL90$h0720
=CAT  \\$aCONV$b00$c20040502$lBLL01$h1509
=CAT  \\$a6550$b40$c20051228$lBLL01$h1053
=CAT  \\$a6550$b40$c20051228$lBLL01$h1057
=CAT  \\$a11279$b40$c20060119$lBLL01$h1557
=CAT  \\$aBATCH-UPD$b40$c20131021$lBLL01$h1141
=CAT  \\$a3072$b40$c20140224$lBLL01$h1418
=CAT  \\$aWR14_140$c20140905$lBLL01$h1800
=FIN  \\$aY
=FMT  \\$a  SE
=LAS  \\$aWR14_140$b00$c20140905$lBLL01$h1800
=LEO  \\$aMP13.0000121845
=SRC  \\$aDSS02$bbibh.200404.2.aa
=SRC  \\$aHSS01$bbibmp13.200404.2.aa
=STA  \\$aSUPPRESSED$bDatabase
=TCO  \\$aTRS$bCCC$c008

