=LDR  02319 as a2200541 a 4500
=001  012985574
=003  Uk
=005  20060418132722.0
=006  m\\\\\\\\d\|\\\\\\
=007  cr||||||||||||
=008  040907c200u9999enkdr\p\sr\\\\0\\\a0eng\\
=FMT  \\$a  SE
=015  \\$aGBA549602$2bnb
=040  \\$aUk$beng$cUk
=042  \\$aukblsr
=082  04$a658.152240941$222
=245  00$aGRANTnet$h[electronic resource].
=260  \\$aWorksop :$bGrantfinder.
=310  \\$aUpdated daily
=336  \\$atext$2rdacontent
=337  \\$acomputer$2rdamedia
=338  \\$aonline resource$2rdacarrier
=538  \\$aMode of access: World Wide Web.
=500  \\$aTitle from initial search screen (viewed on 13 June 2005)
=520  \\$aContains details of grants and other forms of funding available in the UK, including subsidies, loans, venture funding and other incentives. Available to all types of business, from the sole trader to the multinational company; to voluntary and community groups; to charities and charitable arms; to each and every aspect and level of the public. First-time users will need to register for a password.
=650  \0$aBusiness enterprises$zGreat Britain$xFinance$vDirectories.
=650  \0$aVenture capital$zGreat Britain$vDirectories.
=650  \0$aFund raising$zGreat Britain$vDirectories.
=650  \0$aSubsidies$zGreat Britain$vDirectories.
=690  7\$aManagement and Business Studies$2blcoll
=710  2\$aGrantfinder (Firm)
=856  40$uhttp://www.grantnet.com$zAccess via third party GRANTnet access point, email address and password required; BL Reading Room access
=852  \\$aBritish Library$bSTI
=CAT  \\$a6946$b40$c20040907$lBLL01$h1614
=CAT  \\$a3072$b40$c20050609$lBLL01$h1612
=CAT  \\$a3072$b40$c20050614$lBLL01$h1145
=CAT  \\$a3072$b40$c20050706$lBLL01$h1649
=CAT  \\$a5194$b40$c20050712$lBLL01$h1418
=CAT  \\$a11249$b40$c20050714$lBLL01$h0934
=CAT  \\$a11251$b40$c20050815$lBLL01$h1402
=CAT  \\$a11279$b40$c20060418$lBLL01$h1327
=CAT  \\$aBATCH$b00$c20090611$lBLL01$h1712
=CAT  \\$aBATCH-UPD$b00$c20131021$lBLL01$h1141
=CAT  \\$aWR14_140$c20140905$lBLL01$h1806
=FIN  \\$aY$d20050706
=STA  \\$aSUPPRESSED$bDatabase
=TCO  \\$aCLA$bCLA$c008
=LAS  \\$aWR14_140$b00$c20140905$lBLL01$h1806

