=LDR  01756cas a2200469 a 4500
=001  013174292
=003  Uk
=005  20050714132609.0
=006  m\\\\\\\\d\|\\\\\\
=007  cr||||||||||||
=008  050412c199u9999enkuu\p\s\deh\0\\\a0eng\\
=FMT  \\$a  SE
=015  \\$aGBA559619$2bnb
=037  \\$aNo price
=040  \\$aUk$beng$cUk
=042  \\$aukblsr
=082  04$a200$222
=245  00$aRoutledge reference resources online$pReligion resource$h[electronic resource].
=246  1\$iAlso known as$aRoutledge religion resource$h[electronic resource].
=246  30$aReligion resource
=260  \\$aLondon :$bRoutledge Reference Online.
=336  \\$atext$2rdacontent
=337  \\$acomputer$2rdamedia
=338  \\$aonline resource$2rdacarrier
=538  \\$aMode of access: World Wide Web.
=520  \\$aOver 25 specialist dictionaries, encyclopedias, biographical and other reference works covering religions and religious topics. Includes works on Christianity, Judaism, Confucianism, paganism, ethics and religious freedom.
=500  \\$aTitle from home page (viewed on 13 July 2005)
=650  \0$aReligion.
=650  \0$aReligion$vDictionaries.
=650  \0$aReligion$vEncyclopedias.
=650  \0$aReligious biography.
=856  40$uhttp://www.reference.routledge.com$zFor subscribers only; BL Reading Room access
=852  41$aBritish Library$bHMNTS
=CAT  \\$a6946$b40$c20050412$lBLL01$h1531
=CAT  \\$a6946$b40$c20050412$lBLL01$h1534
=CAT  \\$a3072$b40$c20050713$lBLL01$h1027
=CAT  \\$a3072$b40$c20050714$lBLL01$h1326
=CAT  \\$aBATCH-UPD$b40$c20131021$lBLL01$h1141
=FIN  \\$aY$d20050714
=STA  \\$aSUPPRESSED$bDatabase
=TCO  \\$aCLA$bCLA$c008
=LAS  \\$aBATCH-UPD$b40$c20131021$lBLL01$h1141

