=LDR  02064 ai a22004817a 4500
=001  013589503
=003  Uk
=005  20070315161140.0
=006  m\\\\\\\\d\\\\\\\\
=007  cr\cn|||||||||
=008  061031c200u9999cc\\x\d\s\\\\\0\\\a2chi\\
=FMT  \\$a  SE
=040  \\$aUk$beng$cUk
=041  0\$achi$aeng
=130  0\$aZhongguo wenhua dageming wenku (Online)
=245  10$aZhongguo wenhua dageming wenku$h[electronic resource].
=246  1\$iTitle on English title page:$aChinese cultural revolution database
=246  13$aZhongguo wen hua da ge ming wen ku
=260  \\$aXianggang :$bXianggang Zhong wen daxue Zhongguo yanjiu fuwu zhongxin
=336  \\$atext$2rdacontent
=337  \\$acomputer$2rdamedia
=338  \\$aonline resource$2rdacarrier
=538  \\$aMode of access: World Wide Web.
=538  \\$aSystem requirements: Web browser and software able to display/input Chinese characters in Big5 or GB code.
=546  \\$aInterface in Chinese and English.
=500  \\$aBegan in 2006?
=520  \\$aThe largest database for the study of the Cultural Revolution with detailed original documents including CCP memos, instructions, proclamations, speeches and major media commentaries.
=500  \\$aTitle from home page of 2nd ed. 2006 (viewed on 15 Mar. 2007).
=651  \0$aChina$xHistory$yCultural Revolution, 1966-1976$vSources.
=651  \0$aChina$xPolitics and government$y1949-1976$vSources.
=710  2\$aChinese University of Hong Kong.$bUniversities Service Centre.
=856  40$uhttp://ccrd.usc.cuhk.edu.hk/Default.aspx$zFor subscribers only; BL Reading Room access
=852  41$aBritish Library$bHMNTS
=CAT  \\$a6524$b40$c20061031$lBLL01$h1630
=CAT  \\$a3072$b40$c20070315$lBLL01$h1602
=CAT  \\$a3072$b40$c20070315$lBLL01$h1606
=CAT  \\$a3072$b40$c20070315$lBLL01$h1611
=CAT  \\$aWR11_155$c20120104$lBLL01$h1854
=CAT  \\$aBATCH-UPD$b00$c20131021$lBLL01$h1142
=FIN  \\$aY$d20070315
=STA  \\$aSUPPRESSED$bDatabase
=TCO  \\$aZZZ$c008
=LAS  \\$aBATCH-UPD$b00$c20131021$lBLL01$h1142

