=LDR  02689cai a22005297a 4500
=001  013688199
=003  Uk
=005  20070608151508.0
=006  suu\w\\\\\\\0\\\\2
=006  m\\\\\\\\u\\\\\\\\
=007  cr\mnu||||||||
=008  070306c200u9999xxudx\d\s\ai\\0\\\a2eng\\
=FMT  \\$a  SE
=035  \\$a(OCoLC)56954909
=040  \\$aIWA$cIWA$dOCLCQ$dUk
=245  00$aCurrent contents connect$h[electronic resource].
=246  1\$iAt head of title:$aISI web of knowledge
=246  1\$iAlso known as:$aISI current contents connect
=246  1\$iAlso known as:$aCurrent contents
=260  \\$aPhiladelphia, PA :$bInstitute for Scientific Information
=336  \\$atext$2rdacontent
=337  \\$acomputer$2rdamedia
=338  \\$aonline resource$2rdacarrier
=362  1\$aBegan in 2002?
=538  \\$aMode of access: World Wide Web.
=500  \\$aTitle from opening screen menu (viewed Nov. 3, 2004).
=530  \\$aOnline version of the print publications: Current Contents: Agriculture, biology & environmental sciences; Current contents: Social and behavioral sciences; Current contents: Clinical medicine; Current contents: Life sciences; Current contents: Physical, chemical & earth sciences; Current contents: Engineering, computing & technology; and Current contents: Arts & humanities.
=520  \\$aA multidisciplinary current awareness resource, providing bibliographic information to over 8000 journal titles and 2000 books. Coverage includes the current year, plus the previous two years. Updated daily. Current Web Contents, included at this site, provides links to scholarly sites on the World Wide Web that related to Current Contents disciplines.
=650  \0$aPeriodicals$vIndexes.
=710  2\$aInstitute for Scientific Information.
=730  0\$aCurrent contents.$pAgriculture, biology and environmental sciences.
=730  0\$aCurrent contents.$pSocial and behavioral sciences.
=730  0\$aCurrent contents.$pClinical medicine.
=730  0\$aCurrent contents.$pLife sciences.
=730  0\$aCurrent contents.$pPhysical, chemical and earth sciences.
=730  0\$aCurrent contents.$pEngineering, computing and technology.
=730  0\$aCurrent contents.$pArts and humanities.
=856  40$uhttp://isiknowledge.com/$zClick on title to enter the database$zFor subscribers only; BL Reading Room access
=852  41$aBritish Library$bSTI
=CAT  \\$a6524$b40$c20070306$lBLL01$h1024
=CAT  \\$a3072$b40$c20070608$lBLL01$h1515
=CAT  \\$aBATCH-UPD$b40$c20131021$lBLL01$h1141
=FIN  \\$aY$d20070608
=SID  \\$aZ39$bOCLC
=STA  \\$aSUPPRESSED$bDatabase
=TCO  \\$aTRS$bCCC$c008
=LAS  \\$aBATCH-UPD$b40$c20131021$lBLL01$h1141

