=LDR  02029 ai a2200505 a 4500
=001  013690904
=003  Uk
=005  20070412132910.0
=006  m\\\\\\\\d\|\\\\\\
=007  cr||||||||||||
=008  070308c20079999enkmr\d\s\ai\\0\\\a2eng\\
=015  \\$aGBA727345$2bnb
=040  \\$aUk$beng$cUk
=042  \\$aukblsr
=082  04$a502.2$222
=245  00$aCSA illustrata.$pNatural sciences$h[electronic resource].
=246  3\$aNatural sciences
=260  \\$aBethesda, Md. ;$aOxford :$bCSA,$c2007-
=310  \\$aUpdated monthly
=336  \\$atext$2rdacontent
=337  \\$acomputer$2rdamedia
=338  \\$aonline resource$2rdacarrier
=500  \\$aLaunched in Jan. 2007.
=500  \\$aTitle from quick search form (viewed 12 Apr. 2007).
=520  \\$aThis database indexes tables, figures, graphs, charts and other illustrations from scholarly research and technical literature. In most cases, the parent abstract is displayed and links to the full-text documents, when available. It has broad subject coverage including most areas in the Natural Sciences. Coverage from 1997 onwards (as of Apr. 2007).
=538  \\$aMode of access: World Wide Web.
=650  \0$aScience$vTables$vIndexes.
=650  \0$aScience$vTables.
=650  \0$aScience$vIllustrations$vIndexes.
=650  \0$aScience$vIllustrations.
=650  \0$aScience$vCharts, diagrams, etc.$vIndexes.
=650  \0$aScience$vCharts, diagrams, etc.
=710  2\$aCambridge Scientific Abstracts, Inc.
=852  41$aBritish Library$bSTI
=856  40$uhttp://uk1.csa.com/$zFor subscribers only; requires user name and password; BL Reading Room access
=CAT  \\$a6524$b40$c20070308$lBLL01$h1019
=CAT  \\$a3072$b40$c20070412$lBLL01$h1206
=CAT  \\$a3072$b40$c20070412$lBLL01$h1209
=CAT  \\$a3072$b40$c20070412$lBLL01$h1329
=CAT  \\$aBATCH-UPD$b40$c20131021$lBLL01$h1141
=FIN  \\$aY$d20070412
=FMT  \\$a  SE
=LAS  \\$aBATCH-UPD$b40$c20131021$lBLL01$h1141
=STA  \\$aSUPPRESSED$bDatabase
=TCO  \\$aCLA$bCLA$c008

