=LDR  02419 as a2200625 a 4500
=001  012442148
=003  Uk
=005  20050211145921.0
=006  m\\\\\\\\d\|\\\\\\
=007  cr||||||||||||
=008  040415c200u9999fr\kr\p\si\\\\0\\\a0eng\\
=040  \\$aUk$beng$cUk
=041  0\$aeng$afre
=042  \\$aukblsr
=082  04$a015.41044$222
=245  00$aRarebooks.info$h[electronic resource] :$bRB.
=246  30$aRB
=246  3\$aRare books info
=260  \\$a[Boulogne?] :$bRarebooks.info.
=310  \\$aContinuously updated
=336  \\$atext$2rdacontent
=337  \\$acomputer$2rdamedia
=338  \\$aonline resource$2rdacarrier
=500  \\$aTitle from home page (viewed on 19 Nov. 2004)
=500  \\$aBegan in 2002?
=520  \\$aComprehensive bibliography of books on rare books in English and French. Includes digitised facsimiles of over 600,000 pages of key out-of-print bibliographies that can be searched online. Reference books include Goff, Brunet, Sabin, and Lipperheide. Includes a reference gateway of resources in more than 100 subject categories.
=538  \\$aMode of access: World Wide Web.
=650  \0$aRare books$zGreat Britain$vIndexes.
=650  \0$aRare books$zFrance$vIndexes.
=650  \0$aEarly printed books$zGreat Britain$vIndexes.
=650  \0$aEarly printed books$zFrance$vIndexes.
=650  \0$aReference books, English
=650  \0$aReference books, French
=650  \0$aEnglish imprints.
=650  \0$aFrench imprints.
=852  41$aBritish Library$bHMNTS
=856  4\$uhttp://www.rarebooks.info/rubrique_home/home.asp$zFor subscribers only, requires user name and password; BL Reading Room access
=A02  \\$a3018883$z0
=CAT  \\$aCONV$b00$c20040425$lBLL90$h0713
=CAT  \\$a3072$b40$c20041119$lBLL01$h1542
=CAT  \\$a3072$b40$c20041125$lBLL01$h1349
=CAT  \\$a3072$b40$c20041125$lBLL01$h1408
=CAT  \\$a3072$b40$c20050202$lBLL01$h1521
=CAT  \\$a3072$b40$c20050211$lBLL01$h1452
=CAT  \\$a3072$b40$c20050211$lBLL01$h1459
=CAT  \\$aBATCH$b00$c20091210$lBLL01$h2334
=CAT  \\$aBATCH$b00$c20091214$lBLL01$h0846
=CAT  \\$aBATCH$b00$c20091216$lBLL01$h0219
=CAT  \\$aBATCH-UPD$b00$c20131021$lBLL01$h1141
=FIN  \\$aY$d20050211
=FMT  \\$a  SE
=LAS  \\$aBATCH-UPD$b00$c20131021$lBLL01$h1141
=SRC  \\$aDSS02$bbibh.200404.2.aa
=STA  \\$aSUPPRESSED$bDatabase
=TCO  \\$aFRA$bCFC$c008

