=LDR  02927 ai a2200721 a 4500
=001  012447483
=003  Uk
=005  20150826115046.0
=006  m\\\\\\\\d\\\\\\\\
=007  cr\cn|||||||||
=008  000609c200u9999enk\x\dss\b\\\0\\\a2eng\d
=015  \\$aGBB0A2850$2bnb
=035  \\$a(OCoLC)44281310
=040  \\$aWAU$cWAU$dWAU$dOCLCQ$dC@R$dOCL$dHNK$dUk
=042  \\$aukblsr
=043  \\$ae-uk---
=082  04$a602.1841$222
=110  2\$aBritish Standards Institution.
=245  10$aBritish standards online$h[electronic resource] :$bBSOL.
=246  30$aBSOL
=246  1\$iAlso known as:$aBSI standards
=246  1\$iAlso known as:$aBSI online
=246  1\$iAlso known as:$aBS online complete
=260  \\$a[London?] :$bBritish Standards Institution
=310  \\$aUpdated frequently
=336  \\$atext$2rdacontent
=337  \\$acomputer$2rdamedia
=338  \\$aonline resource$2rdacarrier
=362  1\$aBegan in 2000?
=500  \\$aTitle from login page (viewed Aug. 24, 2010).
=520  \\$aCurrent, historic, and draft British Standards, technical handbooks, codes of practice, guidelines, specifications for products, & glossaries. Subject coverage includes science, technology & business service specifications. All current, and most historic documents are available to subscribers for online viewing and electronic download.
=538  \\$aMode of access: World Wide Web.
=650  \0$aStandardization$zGreat Britain$vDatabases.
=650  \0$aQuality control$xStandards$zGreat Britain$vDatabases.
=650  \0$aManufactures$xStandards$zGreat Britain$vDatabases.
=650  \0$aStandards, Engineering$zGreat Britain$vDatabases.
=650  \7$aManufactures$xStandards.$2fast$0(OCoLC)fst01008055
=650  \7$aStandardization.$2fast$0(OCoLC)fst01131462
=650  \7$aStandards, Engineering.$2fast$0(OCoLC)fst01131487
=651  \7$aGreat Britain.$2fast$0(OCoLC)fst01204623
=655  \7$aDatabases.$2fast$0(OCoLC)fst01411643
=852  41$aBritish Library$bSTI
=856  40$uhttp://www.bsi.org.uk/bsis/index.htm$zFor subscribers only, login and password required
=A02  \\$a3024209$z0
=CAT  \\$aCONV$b00$c20040425$lBLL90$h0713
=CAT  \\$aCONV$b00$c20040502$lBLL01$h1509
=CAT  \\$aBATCH$b00$c20091210$lBLL01$h2336
=CAT  \\$aBATCH$b00$c20091214$lBLL01$h0847
=CAT  \\$aBATCH$b00$c20091216$lBLL01$h0221
=CAT  \\$a3072$b40$c20100824$lBLL01$h1703
=CAT  \\$a3072$b40$c20100824$lBLL01$h1722
=CAT  \\$a3072$b40$c20100824$lBLL01$h1736
=CAT  \\$aBATCH-UPD$b40$c20131021$lBLL01$h1141
=CAT  \\$a3072$b40$c20150826$lBLL01$h1148
=CAT  \\$a3072$b40$c20150826$lBLL01$h1149
=CAT  \\$a3072$b40$c20150826$lBLL01$h1150
=FIN  \\$aY$d20100824
=FMT  \\$a  SE
=LAS  \\$a3072$b40$c20150826$lBLL01$h1150
=SID  \\$aZ39$bOCLC
=SRC  \\$aDSS03$bbibsr.200404.2.aa
=STA  \\$aSUPPRESSED$bDatabase
=TCO  \\$aCLA$bCLA$c008

