=LDR  02531 as a2200649 a 4500
=001  012447664
=003  Uk
=005  20201124185333.0
=006  m\\\\\\\\d\|\\\\\\
=007  cr||||||||||||
=008  040416c199u9999xxuuu\p\si\\\\0\\\a0rus\\
=040  \\$aUk$beng$cUk
=041  0\$arus$aeng
=042  \\$aukblsr
=082  04$a015.47$222
=130  0\$aRussian national bibliography (Online)
=245  10$aRussian national bibliography$h[electronic resource].
=246  1\$iRussian title:$aBazy dannykh bibliograficheskikh izdaniĭ Rossii
=260  \\$a[Minneapolis, Minn.] :$bEast View.
=336  \\$atext$2rdacontent
=337  \\$acomputer$2rdamedia
=338  \\$aonline resource$2rdacarrier
=500  \\$aTitle from home page (viewed on 13 July 2005)
=520  \\$aIncludes bibliographic data for printed books, maps, music, art albums, periodical (journal and newspaper) articles, reviews and dissertation abstracts. Covers 1995 onwards.
=538  \\$aMode of access: World Wide Web.
=546  \\$aInterface in English and Russian.
=650  \0$aMap publishing$vIndexes.
=650  \0$aMusic Publishing$vIndexes.
=650  \0$aRussian periodicals$vIndexes.
=650  \0$aRussian newspapers$vIndexes.
=650  \0$aDissertations, Academic$zRussia$vIndexes.
=650  \0$aArt publishing$zRussia$vIndexes.
=651  \0$aRussia$xImprints.
=787  0\$tRussian national bibliography (CD-ROM)
=852  41$aBritish Library$bHMNTS$je-media
=852  41$aBritish Library$bSTI
=856  40$uhttp://biblio.ebiblioteka.ru/$aFor subscribers only; BL Reading Room access
=985  \\$aUpgraded by BSS-generated file for WR2011-1473
=A02  \\$a3024150$z0
=CAT  \\$aCONV$b00$c20040425$lBLL90$h0713
=CAT  \\$aCONV$b00$c20040502$lBLL01$h1509
=CAT  \\$a3072$b40$c20050713$lBLL01$h1353
=CAT  \\$a3072$b40$c20050713$lBLL01$h1415
=CAT  \\$a3072$b40$c20050713$lBLL01$h1502
=CAT  \\$a3072$b40$c20050714$lBLL01$h1206
=CAT  \\$aBATCH$b00$c20091210$lBLL01$h2336
=CAT  \\$aBATCH$b00$c20091214$lBLL01$h0847
=CAT  \\$aBATCH$b00$c20091216$lBLL01$h0221
=CAT  \\$aBATCH-UPD$b00$c20131021$lBLL01$h1141
=CAT  \\$aW2011-1473$b00$c20201124$lBLL01$h1853
=FIN  \\$aY$d20050714
=FMT  \\$a  SE
=LAS  \\$aW2011-1473$b00$c20201124$lBLL01$h1853
=LKR  \\$aPAR$b012437088$lBLL01$r787$mRussian national bibliography$nRUSSIAN NATIONAL BIBLIOGRAPHY # CD-ROM
=SRC  \\$aDSS03$bbibsr.200404.2.aa
=STA  \\$aSUPPRESSED$bDatabase
=TCO  \\$aTRS$bCCC$c008

