=LDR  01930 ai a22005057a 4500
=001  012453430
=003  Uk
=005  20070615093136.0
=007  cr||||||||||||
=008  030926c20029999xxuuu\d\s\i\\\0\\\a2eng\\
=019  1\$abld00L0369
=040  \\$aUk$cUk$dUk
=245  00$a19th century masterfile$h[electronic resource].
=246  3\$aNCM
=247  10$aPoole's plus
=260  \\$aSterling, Va. :$bParatext,$c2002-
=336  \\$atext$2rdacontent
=337  \\$acomputer$2rdamedia
=338  \\$aonline resource$2rdacarrier
=500  \\$aTitle from main search screen (viewed on 2 Apr. 2003)
=500  \\$aAlso known as NCM.
=520  \\$aIndices to nineteenth-century newspapers, periodicals, books, scientific papers and government documents, including Poole's Index to periodical literature (1802-1906), Index to periodical literature (1802-1906) (ed. W.F. Poole), Index to periodicals (1890-1902) (ed. W.T. Stead) and Catalog of scientific papers (1800-1900).
=538  \\$aMode of access: World Wide Web.
=650  \0$aPeriodicals$vIndexes.
=650  \0$aNewspapers$vIndexes.
=650  \0$aGovernment publications$vIndexes.
=852  41$aBritish Library$bHMNTS
=856  40$uhttp://pooleplus.odyssi.com$zFor subscribers only; BL Reading Room access
=957  \\$a030402p
=985  \\$aRecord merged by DQ team
=CAT  \\$aCONV$b00$c20040425$lBLL90$h0720
=CAT  \\$aCONV$b00$c20040502$lBLL01$h1509
=CAT  \\$a6550$b40$c20051228$lBLL01$h1035
=CAT  \\$a6550$b40$c20051228$lBLL01$h1323
=CAT  \\$a11279$b40$c20070522$lBLL01$h1614
=CAT  \\$a3072$b40$c20070615$lBLL01$h0931
=CAT  \\$aBATCH-UPD$b40$c20131021$lBLL01$h1141
=FIN  \\$aY
=FMT  \\$a  SE
=LAS  \\$aBATCH-UPD$b40$c20131021$lBLL01$h1141
=LEO  \\$aMP13.0000121099
=SRC  \\$aDSS02$bbibh.200404.2.aa
=SRC  \\$aHSS01$bbibmp13.200404.2.aa
=STA  \\$aSUPPRESSED$bDatabase
=TCO  \\$aTRS$bCCC$c008

