=LDR  01832 as a2200541 a 4500
=001  009918053
=003  Uk
=005  20051228114815.0
=006  a|||||||||||||||p|
=007  c|||||
=008  030602c199u9999enkqr|p|s|\\\\0\\\|0eng\\
=FMT  \\$a  SE
=015  \\$aGBA329608$2bnb
=019  y\$abA329608
=019  9\$abA329608
=019  1\$abA329608
=039  0\$a2782
=040  \\$aUk$cUk$dUk
=082  04$a103$221
=130  0\$aRoutledge encyclopedia of philosophy (Online)
=245  00$aRoutledge encyclopedia of philosophy$h[electronic resource].
=246  3\$aREP online
=260  \\$a[London] :$bRoutledge.
=310  \\$aUpdated quarterly
=336  \\$atext$2rdacontent
=337  \\$acomputer$2rdamedia
=500  \\$aTitle from home page (viewed 11 Apr., 2003). Also known as REP online.
=520  \\$aCoverage includes Anglo-American, ethical and political, cross-cultural, interdisciplinary, continental and contemporary philosophy.
=530  \\$aAlso availabe in printed format and on CD-ROM.
=538  \\$aMode of access: World Wide Web.
=650  \0$aPhilosophy$vEncyclopedias.
=856  40$uhttp://www.rep.routledge.com$zFor subscribers only; BL Reading Room access
=852  41$aBritish Library$bHMNTS
=985  \\$aRecord merged by DQ team
=CAT  \\$aCONV$b00$c20040425$lBLL90$h0723
=CAT  \\$aCONV$b00$c20040502$lBLL01$h1343
=CAT  \\$a6550$b40$c20051228$lBLL01$h1148
=CAT  \\$aBATCH-UPD$b40$c20131021$lBLL01$h1141
=CAT  \\$aWR14_140$c20140905$lBLL01$h1739
=FIN  \\$aY
=LEO  \\$aMP5.0000021058
=LEO  \\$aMP13.0000237025
=SRC  \\$aDSS02$bbibh.200404.2.aa
=SRC  \\$aBNB03$bbibmp5.200404.2.aa
=SRC  \\$aHSS01$bbibmp13.200404.2.aa
=STA  \\$aSUPPRESSED$bDatabase
=TCO  \\$aCLA$bCLA$c008
=LAS  \\$aWR14_140$b00$c20140905$lBLL01$h1739

