=LDR  02607 ai a2200685 a 4500
=001  009918153
=003  Uk
=005  20140224142001.0
=006  m\\\\\\\\e\|\\\\\\
=007  cr||||||||||||
=008  030425c199u9999xxu\x\d\s|i\\\0\\\a2eng\\
=FMT  \\$a  SE
=015  \\$aGBA331225$2bnb
=019  y\$abA331225
=019  9\$abA331225
=019  1\$abA331225
=039  0\$a2757
=040  \\$aUk$cUk$dUk
=042  \\$aukblsr
=082  04$a016.705$221
=100  1\$aSchmidt, Mary Morris.
=245  10$aIndex to 19th-century American art periodicals$h[electronic resource] /$c[Mary M. Schmidt].
=246  3\$aIndex to nineteenth century American art periodicals
=246  1\$iTitle from search screen:$aIndex19thCAmArtPer
=246  1\$iCommonly known as:$aAAI
=260  \\$a[Dublin, Ohio] :$bOCLC
=336  \\$atext$2rdacontent
=337  \\$acomputer$2rdamedia
=338  \\$aonline resource$2rdacarrier
=500  \\$aTitle from database description screen (viewed Dec. 15, 2008).
=520  \\$aCovers 42 periodicals published in the United States during the 19th century, and indexes and the entire contents of each issue - articles, art notes, illustrations, stories, poems and advertisements.
=530  \\$aAlso available in print format.
=538  \\$aMode of access: World Wide Web.
=550  \\$aMade available until Sept. 2007 by the Research Libraries Group.
=650  \0$aArt$xPeriodicals$vIndexes$vPeriodicals.
=650  \0$aAmerican periodicals$vIndexes$vPeriodicals.
=710  2\$aResearch Libraries Group.
=710  2\$aOCLC.
=730  0\$aOCLC FirstSearch.
=856  40$uhttp://www.oclc.org/firstsearch/$zFor subscribers only, requires account and password
=856  40$uhttp://eureka.rlg.ac.uk$zNo longer links to resource as of Oct. 2007
=886  2\$2ukmarc$a910$b20$aRLG$xSee$aResearch Libraries Group$z710
=852  41$aBritish Library$bHMNTS
=CAT  \\$aCONV$b00$c20040425$lBLL90$h0723
=CAT  \\$aCONV$b00$c20040502$lBLL01$h1343
=CAT  \\$a11279$b40$c20050511$lBLL01$h0826
=CAT  \\$a3072$b40$c20081215$lBLL01$h1201
=CAT  \\$a3072$b40$c20081215$lBLL01$h1203
=CAT  \\$aBATCH$b00$c20091209$lBLL01$h2357
=CAT  \\$aBATCH-UPD$b00$c20131021$lBLL01$h1141
=CAT  \\$a3072$b40$c20140224$lBLL01$h1420
=CAT  \\$aWR14_140$c20140905$lBLL01$h1739
=FIN  \\$aY
=LEO  \\$aMP5.0000021238
=LEO  \\$aMP13.0000237126
=SRC  \\$aBNB03$bbibmp5.200404.2.aa
=SRC  \\$aHSS01$bbibmp13.200404.2.aa
=STA  \\$aSUPPRESSED$bDatabase
=TCO  \\$aTRS$bCCC$c008
=LAS  \\$aWR14_140$b00$c20140905$lBLL01$h1739

