=LDR  02592 as a2200589 a 4500
=001  009918609
=003  Uk
=005  20051229120055.0
=007  c|||||
=008  040227c20009999enkdr|p|s|b\\\0\\\|0eng\\
=FMT  \\$a  SE
=015  \\$aGBA341406$2bnb
=019  y\$abA341406
=019  9\$abA341406
=019  1\$abA341406
=039  0\$a2782
=040  \\$aUk$cUk$dUk
=082  04$a015.41053$221
=130  0\$aUKOP (Online)
=245  10$aUKOP$h[electronic resource].
=260  \\$a[Great Britain] :$bTSO.
=310  \\$aUpdated daily
=336  \\$atext$2rdacontent
=337  \\$acomputer$2rdamedia
=500  \\$a"UKOP [online] combines the official catalogue of the Stationery Office, with the Catalogue of Official Publications Not Published by the Stationery Office." - (FAQ: What is UKOP?)
=500  \\$aTitle from home page (viewed 5 June 2003)
=500  \\$aBegan in 2000?.
=520  \\$aBibliographic database of Parliamentary and non-Parliamentary publications published by TSO and HMSO, publications of intergovernmental organisations for which TSO/HMSO is the sales agent, and publications of government departments and agencies published directly by TSO/HMSO with links to full text of selected documents. Coverage: 1980-
=530  \\$aAlso available in CD-ROM format, and in print format as: The Stationery Office annual catalogue and, Catalogue of British official publications not published by the Stationery Office.
=538  \\$aMode of access: World Wide Web.
=650  \0$aGovernment publications$zGreat Britain$vIndexes.
=710  2\$aStationery Office (Great Britain)
=730  0\$aUKOP, the catalogue of United Kingdom official publications,$x0962-0737.
=730  4\$aThe Stationery Office annual catalogue,$x1462-0022.
=730  0\$aCatalogue of British official publications not published by the Stationery Office,$x1366-316X.
=856  40$uhttp://www.ukop.co.uk$zFor subscribers only; BL Reading Room access
=852  41$aBritish Library$bHMNTS
=985  \\$aRecord merged by DQ team
=CAT  \\$aCONV$b00$c20040425$lBLL90$h0723
=CAT  \\$aCONV$b00$c20040502$lBLL01$h1343
=CAT  \\$a6550$b40$c20051229$lBLL01$h1200
=CAT  \\$aBATCH-UPD$b40$c20131021$lBLL01$h1142
=CAT  \\$aWR14_140$c20140905$lBLL01$h1740
=FIN  \\$aY
=LEO  \\$aMP5.0000022581
=LEO  \\$aMP13.0000237623
=SRC  \\$a-xDSS03$bbibsr.200404.2.aa
=SRC  \\$aBNB03$bbibmp5.200404.2.aa
=SRC  \\$aHSS01$bbibmp13.200404.2.aa
=STA  \\$aSUPPRESSED$bDatabase
=TCO  \\$aCLA$bCLA$c008
=LAS  \\$aWR14_140$b00$c20140905$lBLL01$h1740

