=LDR  02009 as a2200517 a 4500
=001  009918672
=003  Uk
=005  20051228104656.0
=007  c|||||
=008  030926c200u9999xxu|||p|s|i\\\0\\\|0eng\\
=FMT  \\$a  SE
=015  \\$aGBA344136$2bnb
=019  y\$abA344136
=019  9\$abA344136
=019  1\$abA344136
=039  0\$a2761
=040  \\$aUk$cUk$dUk
=082  04$a016.1$221
=245  04$aThe philosopher's index$h[electronic resource].
=260  \\$a[New York, N.Y. ;$aLondon (Merlin House, 20 Belmont Terrace, Chiswick, W4 5UG) :$bOvid Technologies]
=336  \\$atext$2rdacontent
=337  \\$acomputer$2rdamedia
=500  \\$aDatabase runs on SilverPlatter's WebSPIRS platform.
=500  \\$aTitle from database selection screen (viewed on 13 June 2003)
=520  \\$aIndexes and abstracts from books and journals on philosophy and inter-related subjects from 1940. Covers ethics, aesthetics, social philosophy, political philosophy, epistemology, and metaphysics. Also covers the philosophies of various disciplines, such as history, religion, law and science.
=530  \\$aAlso available in print and on CD-ROM.
=538  \\$aMode of access: World Wide Web.
=650  \0$aPhilosophy$vIndexes.
=710  2\$aOvid Technologies, Inc.
=856  40$uhttp://web5silverplatter.com/webspirs/start.ws$zFor subscribers only; BL Reading Room access
=852  41$aBritish Library$bHMNTS
=985  \\$aRecord merged by DQ team
=CAT  \\$aCONV$b00$c20040425$lBLL90$h0723
=CAT  \\$aCONV$b00$c20040502$lBLL01$h1343
=CAT  \\$a6550$b40$c20051228$lBLL01$h1046
=CAT  \\$aBATCH-UPD$b40$c20131021$lBLL01$h1142
=CAT  \\$aWR14_140$c20140905$lBLL01$h1740
=FIN  \\$aY
=LEO  \\$aMP5.0000022874
=LEO  \\$aMP13.0000237692
=SRC  \\$aDSS02$bbibh.200404.2.aa
=SRC  \\$aBNB03$bbibmp5.200404.2.aa
=SRC  \\$aHSS01$bbibmp13.200404.2.aa
=STA  \\$aSUPPRESSED$bDatabase
=TCO  \\$aTRS$bCCC$c008
=LAS  \\$aWR14_140$b00$c20140905$lBLL01$h1740

