=LDR  02102 as a2200565 a 4500
=001  007197393
=003  Uk
=005  20050210110504.0
=006  m\\\\\\\\d\|\\\\\\
=007  cr||||||||||||
=008  041210c20049999xxuwr\p\s\\\\\0\\\a0eng\d
=FMT  \\$a  SE
=015  \\$aGBA512562$2bnb
=040  \\$aUk$beng$cUk$dUk
=042  \\$aukblsr
=082  04$a341.242$222
=245  00$aEuropean sources online$h[electronic resource] :$bESO.
=246  30$aESO
=260  \\$aCambridge :$bProQuest Information and Learning.
=310  \\$aUpdated weekly
=336  \\$atext$2rdacontent
=337  \\$acomputer$2rdamedia
=338  \\$aonline resource$2rdacarrier
=538  \\$aMode of access: World Wide Web.
=500  \\$aTitle from web site (viewed 4 Feb. 2005)
=520  \\$aProvides information about the institutions, structures, countries, regions, peoples, policies and processes of the EU and the wider Europe. Gives access to EU policy documents, news, comment, and statistics, a directory of officials and a database of links.
=610  20$aEuropean Union.
=610  20$aEuropean Economic Community.
=651  \0$aEuropean Union countries.
=780  00$tKnowEurope
=856  40$uhttp://www.europeansources.info$zFor subscribers only, user name and password required; BL Reading Room access
=852  41$aBritish Library$bSTI
=A02  \\$a3011838$z0
=CAT  \\$aCONV$b00$c20040425$lBLL90$h0713
=CAT  \\$a3072$b40$c20050124$lBLL01$h1637
=CAT  \\$a3072$b40$c20050124$lBLL01$h1639
=CAT  \\$a3072$b40$c20050124$lBLL01$h1642
=CAT  \\$a3072$b40$c20050204$lBLL01$h1417
=CAT  \\$a3072$b40$c20050209$lBLL01$h1220
=CAT  \\$a3072$b40$c20050210$lBLL01$h1105
=CAT  \\$aBATCH$b00$c20091207$lBLL01$h0417
=CAT  \\$aBATCH$b00$c20091214$lBLL01$h0223
=CAT  \\$aBATCH-UPD$b00$c20131021$lBLL01$h1141
=CAT  \\$aWR14_140$c20140905$lBLL01$h1714
=FIN  \\$aY$d20050210
=SID  \\$aZ39$bCURL
=SRC  \\$aDSS03$bbibsr.200404.2.aa
=STA  \\$aSUPPRESSED$bDatabase
=TCO  \\$aTRS$bCCC$c008
=LAS  \\$aWR14_140$b00$c20140905$lBLL01$h1714

