=LDR  01774 as a2200517 a 4500
=001  007694110
=003  Uk
=005  20120416134737.0
=007  cr||||||||||||
=008  040315d2002200uenkuu\p\o\\\\\0\\\a0eng\\
=FMT  \\$a  SE
=015  \\$aGBA423520$2bnb
=019  y\$abA423520
=019  9\$abA423520
=039  0\$a2785
=040  \\$aUk$cUk$dUk
=082  04$a338.27285$222
=245  00$aLNG GTL alert$h[electronic resource].
=246  3\$aLiquefied natural gas Gas to liquids alert
=246  3\$aCWC global LNG/GTL alert
=260  \\$a[London] :$bCWC Publishing,$c[2002]-
=336  \\$atext$2rdacontent
=337  \\$acomputer$2rdamedia
=338  \\$aonline resource$2rdacarrier
=500  \\$aTitle from email title bar. Also referred to as: CWC global LNG/GTL alert.
=500  \\$aBegan in 2002?.
=500  \\$aDescription based on: Vol. 1, issue 39 (25 Mar. 2003)
=538  \\$aMode of access: email.
=650  \0$aLiquefied natural gas industry$vPeriodicals.
=650  \0$aLiquefied gases$vPeriodicals.
=856  40$uhttp://www.thecwcgroup.com/publish_enquiry.asp?RID=24&TID=3$zFor information
=852  41$aBritish Library$bSTI$3VOL. 1 ISS. 39
=985  \\$aRecord merged by DQ team
=CAT  \\$aCONV$b00$c20040425$lBLL90$h0531
=CAT  \\$aCONV$b00$c20040502$lBLL01$h1229
=CAT  \\$a8874$b40$c20070522$lBLL01$h1036
=CAT  \\$a8201$b40$c20120416$lBLL01$h1347
=CAT  \\$aWR14_140$c20140905$lBLL01$h1721
=CAT  \\$aW1711-1225$c20171203$lBLL01$h1018
=FIN  \\$aY
=LEO  \\$aMP5.0000031067
=SRC  \\$aBNB03$bbibmp5.200404.2.aa
=SRC  \\$aDSS03$bbibsr.200404.2.aa
=STA  \\$aSUPPRESSED$bunable to determine reason for suppression
=TCO  \\$aCLA$bCLA$c008
=LAS  \\$aW1711-1225$b00$c20171203$lBLL01$h1018

