=LDR  03261 ai a2200625 a 4500
=001  006681109
=003  Uk
=005  20140224142604.0
=006  m\\\\\\\\e\|\\\\\\
=007  cr||||||||||||
=008  030828c199u9999xxumr\d\s\b\\\0\\\a2eng\\
=FMT  \\$a  SE
=015  \\$aGBA331171$2bnb
=019  1\$abA331171
=040  \\$aUk$cUk$dUk
=042  \\$aukblsr
=082  04$a016.5$221
=245  00$aHistory of science, technology and medicine$h[electronic resource].
=246  1\$iTitle on search screen:$aHistSciTechMed
=260  \\$a[Dublin, Ohio] :$bOCLC
=310  \\$aUpdated annual and monthly
=336  \\$atext$2rdacontent
=337  \\$acomputer$2rdamedia
=338  \\$aonline resource$2rdacarrier
=500  \\$aTitle from database description screen (viewed Dec. 15, 2008).
=505  0\$aContents: ISIS current bibliography of the history of science - Current bibliography in the history of technology (technology and culture) - Bibliografia Italiana di storia della scienza - Wellcome Library for the history and understanding of medicine.
=520  \\$aThe International Union of History and Philosophy of Science's database integrates four separately created bibliographies and described journal articles, conference proceedings, books, book reviews, and dissertations in all scientific disciplines and related fields. Coverage relates to publications from 1975 to the present.
=538  \\$aMode of access: World Wide Web.
=550  \\$aMade available until Sept. 2007 by the Research Libraries Group.
=650  \0$aTechnology$vBibliography$vPeriodicals.
=651  \0$aScience$vBibliography$vPeriodicals.
=651  \0$aMedicine$vBibliography$vPeriodicals.
=710  2\$aResearch Libraries Group.
=710  2\$aInternational Union of the History and Philosophy of Science.
=710  2\$aOCLC.
=730  0\$aOCLC FirstSearch.
=856  40$uhttp://www.oclc.org/firstsearch/$zFor subscribers only, requires account and password
=856  40$uhttp://eureka.rlg.ac.uk$zNo longer links to resource as of Oct. 2007
=886  2\$2ukmarc$a910$b20$aRLG$xSee$aResearch Libraries Group$z710
=886  2\$2ukmarc$a910$b20$aUnion internationale d'histoire et de philosophie des sciences$xSee$aInternational Union of the History and Philosophy of Science$z710/1
=886  2\$2ukmarc$a910$b20$aInternational Union for the History and Philosophy of Science$xSee$aInternational Union of the History and Philosophy of Science$z710/1
=852  41$aBritish Library$bHMNTS
=985  \\$aEmail from Michael Stringer 09/13/2013 with request for this title to be closed: Due to price increases in the overall Ebsco package, it was arranged for our access to RISM, History of STM and Index to 19th Century American Art Periodicals to be switched off.
=CAT  \\$aCONV$b00$c20040502$lBLL01$h1149
=CAT  \\$a3072$b40$c20081215$lBLL01$h1219
=CAT  \\$a3072$b40$c20081215$lBLL01$h1220
=CAT  \\$aBATCH$b00$c20091207$lBLL01$h0233
=CAT  \\$aBATCH-UPD$b00$c20131021$lBLL01$h1141
=CAT  \\$a3072$b40$c20140224$lBLL01$h1426
=FIN  \\$aY
=LEO  \\$aMP13.0000237123
=SRC  \\$aHSS01$bbibmp13.200404.2.aa
=STA  \\$aSUPPRESSED$bDatabase
=TCO  \\$aTRS$bCCC$c008
=LAS  \\$a3072$b40$c20140224$lBLL01$h1426

