=LDR  01912 as a2200517 a 4500
=001  007032052
=003  Uk
=005  20051110104722.0
=007  c|||||
=008  031105c199u9999enk|||p|s|\\\\0\\\|0eng\\
=FMT  \\$a  SE
=015  \\$aGBA332923$2bnb
=019  y\$abA332923
=019  9\$abA332923
=039  0\$a2767
=040  \\$aUk$cUk$dUk
=082  04$a920.02$222
=130  0\$aBiography and genealogy master index (Online)
=245  00$aBiography and genealogy master index$h[electronic resource].
=260  \\$a[Farmington Hills, Mich. ;$aGreat Britain] :$bGale Group.
=336  \\$atext$2rdacontent
=337  \\$acomputer$2rdamedia
=500  \\$aTitle from home page (viewed on 30 Apr. 2003)
=520  \\$aA comprehensive index to nearly 12 million biographical sketches in more than 2700 volumes and editions of current and retrospective reference books, covering both contemporary and historical figures throughout the world.
=530  \\$aAlso available in print format.
=538  \\$aMode of access: World Wide Web.
=650  \0$aBiography$vIndexes.
=650  \0$aGenealogy$vIndexes.
=651  \0$aUnited States$xBiography$vIndexes.
=651  \0$aUnited States$xGenealogy$vIndexes.
=856  40$uhttp://infotrac.galegroup.com/menu$zFor subscribers only; BL Reading Room access
=852  41$aBritish Library$bHMNTS
=985  \\$aRecord merged by DQ team
=CAT  \\$aCONV$b00$c20040425$lBLL90$h0531
=CAT  \\$aCONV$b00$c20040502$lBLL01$h1207
=CAT  \\$a6550$b40$c20051107$lBLL01$h1112
=CAT  \\$a6550$b40$c20051110$lBLL01$h1047
=CAT  \\$aBATCH-UPD$b40$c20131021$lBLL01$h1141
=CAT  \\$aWR14_140$c20140905$lBLL01$h1709
=FIN  \\$aY
=LEO  \\$aMP5.0000021496
=SRC  \\$aBNB03$bbibmp5.200404.2.aa
=SRC  \\$aDSS02$bbibh.200404.2.aa
=STA  \\$aSUPPRESSED$bDatabase
=TCO  \\$aCLA$bCLA$c008
=LAS  \\$aWR14_140$b00$c20140905$lBLL01$h1709

