=LDR  02139 as a2200565 a 4500
=001  007032709
=003  Uk
=005  20051110101925.0
=007  c|||||
=008  031106c199u9999enkqr|p|s|e\\\0\\\|0eng\\
=FMT  \\$a  SE
=015  \\$aGBA341478$2bnb
=019  y\$abA341478
=019  9\$abA341478
=019  0\$as686587006
=039  0\$a2767
=040  \\$aUk$cUk$dUk
=082  04$a660.03$221
=130  0\$aUllmann's encyclopedia of industrial chemistry (Online)
=245  00$aUllmann's encyclopedia of industrial chemistry$h[electronic resource].
=260  \\$a[Chichester] :$bWiley-Interscience.
=310  \\$aUpdated quarterly
=336  \\$atext$2rdacontent
=337  \\$acomputer$2rdamedia
=500  \\$aTitle from title screen (viewed on 5 June 2003)
=500  \\$aDescription based on: Release 2003 (April), 7th ed.
=520  \\$aCovers the science and technology in all areas of industrial chemistry including organic and inorganic chemicals, pharmaceuticals, polymers and plastics, metals and alloys, food chemistry, etc.
=530  \\$aAlso available in print (6th ed.) and CD-ROM formats.
=538  \\$aMode of access: World Wide Web.
=650  \0$aChemistry, Technical$vEncyclopedias.
=700  1\$aUllmann, Fritz,$d1875-1939.$tUllmanns Encyklopädie der technischen Chemie.
=856  40$uhttp://www.mrw.interscience.wiley.com/ueic$zFor subscribers only; BL Reading Room access
=852  41$aBritish Library$bSTI
=985  \\$aRecord merged by DQ team
=CAT  \\$aCONV$b00$c20040425$lBLL90$h0531
=CAT  \\$aCONV$b00$c20040502$lBLL01$h1207
=CAT  \\$a11279$b40$c20050222$lBLL01$h1102
=CAT  \\$a11279$b40$c20050222$lBLL01$h1106
=CAT  \\$a6550$b40$c20051110$lBLL01$h1019
=CAT  \\$aBATCH-UPD$b40$c20131021$lBLL01$h1142
=CAT  \\$aWR14_140$c20140905$lBLL01$h1709
=FIN  \\$aY
=LEO  \\$aMP5.0000022586
=LEO  \\$aMP25.0000364268
=SRC  \\$aDSS03$bbibsr.200404.2.aa
=SRC  \\$aBNB03$bbibmp5.200404.2.aa
=SRC  \\$aSRI01$bbibmp25.200404.2.aa
=STA  \\$aSUPPRESSED$bDatabase
=TCO  \\$aCLA$bCLA$c008
=LAS  \\$aWR14_140$b00$c20140905$lBLL01$h1709

