=LDR  02286cai a2200541 a 4500
=001  007032710
=003  Uk
=005  20230720141446.0
=006  m\\\\\|\\d\|\\\\\\
=007  cr||||||||||||
=008  031105c199u9999enkuu\d\s\i\\\0\\\a2eng\\
=FMT  \\$a  SE
=015  \\$aGBA341484$2bnb
=019  y\$abA341484
=019  9\$abA341484
=039  0\$a2767
=040  \\$aUk$cUk$dUk
=082  04$a072.1$221
=245  00$aPalmer's full text online$h[electronic resource].
=246  3\$aPalmer's index and full text online
=260  \\$a[Great Britain] :$bProquest.
=336  \\$atext$2rdacontent
=337  \\$acomputer$2rdamedia
=500  \\$aAvailable as part of the "History online" portal.
=500  \\$aTitle from title screen (viewed on 4th Nov. 2003)
=500  \\$aAlso known as: Palmer's index and full text online.
=520  \\$aContains the index to the Times from Oct. 1790 to 1905. The full text component spans the years 1800-1870.
=530  \\$aOnline version of: Palmer's index to the Times newspaper.
=538  \\$aMode of access: World Wide Web.
=630  04$aTimes (London, England)$vIndexes.
=740  0\$aPalmer's index to the Times newspaper.
=740  0\$aHistory online.
=856  40$uhttp://historyonline.chadwyck.co.uk$zFor subscribers only; BL Reading Room access
=852  41$aBritish Library$bHMNTS
=985  \\$aRecord merged by DQ team; Order now closed. ProQuest retired the content March 2023, as access is now via C19: The Nineteenth Century Index; NB "History Study Center" order is on this record, as apparently it came free with it. "Proquest have confirmed that HSC is no longer a part of Palmer's and acess to HSC will be ending on 31st December 2020" - no point in doing record now for HSC - GC 20/2/23.
=CAT  \\$aCONV$b00$c20040425$lBLL90$h0531
=CAT  \\$aCONV$b00$c20040502$lBLL01$h1207
=CAT  \\$a6550$b40$c20051110$lBLL01$h0859
=CAT  \\$aBATCH-UPD$b40$c20131021$lBLL01$h1141
=CAT  \\$aWR14_140$c20140905$lBLL01$h1709
=CAT  \\$a3072$b40$c20230720$lBLL01$h1414
=FIN  \\$aY
=LEO  \\$aMP5.0000022587
=SRC  \\$aDSS02$bbibh.200404.2.aa
=SRC  \\$aBNB03$bbibmp5.200404.2.aa
=STA  \\$aSUPPRESSED$bDatabase
=TCO  \\$aCLA$bCLA$c008
=LAS  \\$a3072$b40$c20230720$lBLL01$h1414

