=LDR  02059cai a2200505 a 4500
=001  007032934
=003  Uk
=005  20221108143700.0
=007  cr||||||||||||
=008  031030c19999999ie\uu|d|s|i\\\0\\\a2eng\\
=FMT  \\$a  SE
=015  \\$aGBA344259$2bnb
=019  y\$abA344259
=019  9\$abA344259
=039  0\$a2766
=040  \\$aUk$cUk$dUk
=082  04$a016.02$221
=245  00$aLibrary literature & information science full text$h[electronic resource].
=260  \\$aNew York, N.Y. ;$aDublin :$bH.W. Wilson.
=336  \\$atext$2rdacontent
=337  \\$acomputer$2rdamedia
=500  \\$aTitle from website (viewed on 16 June 2003).
=520  \\$aIndexes articles and book reviews of key library and information science periodicals published in the US and elsewhere from 1984. Full text coverage for selected periodicals also included from 1994. Books, conference proceedings, library school theses, and pamphlets also indexed.
=530  \\$aAlso available on CD-ROM, and in print format as: Library literature & information science.
=538  \\$aMode of access: World wide web.
=650  \0$aLibrary science$vIndexes.
=650  \0$aInformation science$vIndexes.
=730  0\$aLibrary literature & information science,$x1528-0659.
=787  0\$tLibrary, information science & technology abstracts with full text
=856  40$uhttp://www.hwwilson.com$zFor subscribers only; requires user name and password; BL Reading Room access
=852  41$aBritish Library$bHMNTS
=985  \\$aRecord merged by DQ team
=CAT  \\$aCONV$b00$c20040425$lBLL90$h0531
=CAT  \\$aCONV$b00$c20040502$lBLL01$h1207
=CAT  \\$a6550$b40$c20051107$lBLL01$h1205
=CAT  \\$aBATCH-UPD$b40$c20131021$lBLL01$h1141
=CAT  \\$aWR14_140$c20140905$lBLL01$h1710
=CAT  \\$a3072$b40$c20221108$lBLL01$h1437
=FIN  \\$aY
=LEO  \\$aMP5.0000022888
=SRC  \\$aBNB03$bbibmp5.200404.2.aa
=SRC  \\$aDSS02$bbibh.200404.2.aa
=STA  \\$aSUPPRESSED$bDatabase
=TCO  \\$aIRL$bICLA$c008
=LAS  \\$a3072$b40$c20221108$lBLL01$h1437

