=LDR  01931 as a2200517 a 4500
=001  007032962
=003  Uk
=005  20051110110138.0
=007  c|||||
=008  031030c199u9999enkmr|p|s|e\\\0\\\|0eng\\
=FMT  \\$a  SE
=015  \\$aGBA344698$2bnb
=019  y\$abA344698
=019  9\$abA344698
=039  0\$a2766
=040  \\$aUk$cUk$dUk
=082  04$a660.03$221
=130  0\$aKirk-Othmer encyclopedia of chemical technology (Online)
=245  00$aKirk-Othmer encyclopedia of chemical technology$h[electronic resource].
=246  3\$aEncyclopedia of chemical technology
=246  3\$aKirk-Othmer online
=260  \\$a[New York, N.Y?] ;$a[Chichester?] :$bWiley.
=310  \\$aUpdated monthly
=336  \\$atext$2rdacontent
=337  \\$acomputer$2rdamedia
=500  \\$aAlso known as: Kirk-Othmer online.
=500  \\$aTitle from home page (viewed on 18 June 2003)
=520  \\$aCovers all areas of the chemical industry and allied fields. A resource for chemists, biochemists, and engineers on chemistry related topics. Based on the content of the 4th print edition with updates.
=538  \\$aMode of access: World Wide Web.
=650  \0$aChemistry, Technical$vEncyclopedias.
=856  40$uhttp://www3.interscience.wiley.com/cgi-bin/mrwhome/104554789/HOME$zFor subscribers only; BL Reading Room access
=852  41$aBritish Library$bSTI
=985  \\$aRecord merged by DQ team
=CAT  \\$aCONV$b00$c20040425$lBLL90$h0531
=CAT  \\$aCONV$b00$c20040502$lBLL01$h1207
=CAT  \\$a6550$b40$c20051104$lBLL01$h1356
=CAT  \\$a6550$b40$c20051110$lBLL01$h1101
=CAT  \\$aBATCH-UPD$b40$c20131021$lBLL01$h1141
=CAT  \\$aWR14_140$c20140905$lBLL01$h1710
=FIN  \\$aY
=LEO  \\$aMP5.0000022952
=SRC  \\$aBNB03$bbibmp5.200404.2.aa
=SRC  \\$aDSS03$bbibsr.200404.2.aa
=STA  \\$aSUPPRESSED$bDatabase
=TCO  \\$aCLA$bCLA$c008
=LAS  \\$aWR14_140$b00$c20140905$lBLL01$h1710

