=LDR  02461 ai a2200649 a 4500
=001  007032977
=003  Uk
=005  20120316123746.0
=006  m\\\\\\\\d\|\\\\\\
=007  cr||||||||||||
=008  031106d199u200uenk\u\d\s\ai\\0\\\a2eng\\
=FMT  \\$a  SE
=015  \\$aGBA345028$2bnb
=019  y\$abA345028
=019  9\$abA345028
=039  0\$a2767
=040  \\$aUk$cUk$dUk
=082  04$a610$221
=245  00$aPascal biomed$h[electronic resource].
=260  \\$a[New York, N.Y. ;$aLondon (Merlin House, 20 Belmont Terrace, Chiswick, W4 5UG) :$bOvid Technologies]
=336  \\$atext$2rdacontent
=337  \\$acomputer$2rdamedia
=338  \\$aonline resource$2rdacarrier
=580  \\$aAlso available as part of Pascal; from 2010 absorbed by Pascal.
=500  \\$aTitle from database selection screen (viewed on 18 June 2003) database.
=520  \\$aFocuses on subjects relating to fundamental and applied biological science, pharmacology, toxicology, psychology and medical science. Related subjects such as tropical medicine, public health and biomedical engineering are also covered.
=538  \\$aMode of access: World Wide Web.
=650  \0$aMedical sciences$vAbstracts.
=650  \0$aMedical sciences$vIndexes.
=650  \0$aPsychology$vAbstracts.
=650  \0$aPsychology$vIndexes.
=650  \0$aToxicology$vAbstracts.
=650  \0$aToxicology$vIndexes.
=650  \0$aPublic health$vAbstracts.
=650  \0$aPublic health$vIndexes.
=710  2\$aOvid Technologies, Inc.
=785  14$tPascal (Online)
=856  4\$uhttp://web5silverplatter.com/webspirs/start.ws$zLink no nonger valid
=852  41$aBritish Library$bSTI
=985  \\$aRecord merged by DQ team
=CAT  \\$aCONV$b00$c20040425$lBLL90$h0531
=CAT  \\$aCONV$b00$c20040502$lBLL01$h1207
=CAT  \\$a6550$b40$c20051110$lBLL01$h0852
=CAT  \\$a10902$b40$c20100820$lBLL01$h1104
=CAT  \\$a3072$b40$c20100906$lBLL01$h1349
=CAT  \\$a3072$b40$c20100906$lBLL01$h1352
=CAT  \\$a3072$b40$c20120316$lBLL01$h1237
=CAT  \\$aWR14_140$c20140905$lBLL01$h1710
=CAT  \\$aBATCH-UPD$b00$c20160804$lBLL01$h0808
=CAT  \\$aW1711-1225$c20171203$lBLL01$h1018
=FIN  \\$aY
=LEO  \\$aMP5.0000022983
=SRC  \\$aDSS03$bbibsr.200404.2.aa
=SRC  \\$aBNB03$bbibmp5.200404.2.aa
=STA  \\$aSUPPRESSED$bunable to determine reason for suppression
=TCO  \\$aCLA$bCLA$c008
=LAS  \\$aW1711-1225$b00$c20171203$lBLL01$h1018

