=LDR  02414 as a2200625 a 4500
=001  007193759
=003  Uk
=005  20050324101919.0
=006  m\\\\\\\\d\|\\\\\\
=007  cr|cn|||||||||
=008  040416c200u9999enkdr\d\s\\\\\0\\\a0eng\\
=FMT  \\$a  SE
=015  \\$aGBA527137$2bnb
=040  \\$aUk$beng$cUk
=042  \\$aukblsr
=082  04$a338.47000941$222
=245  00$aKey note$h[electronic resource] :$bKN.
=246  30$aKN
=246  1\$iAlso known as:$aKey note / MAPS
=246  13$aMAPS
=260  \\$aHampton :$bKey Note.
=310  \\$aCurrent issues updated daily
=336  \\$atext$2rdacontent
=337  \\$acomputer$2rdamedia
=338  \\$aonline resource$2rdacarrier
=538  \\$aMode of access: World Wide Web.
=500  \\$aTitle from home page (viewed 28th Jan. 2005)
=516  \\$aPDf format.
=530  \\$aAlso published on CD-ROM, and in various series of printed reports.
=520  \\$aFull text of over 250 Key Note reports, including the following series: "Key note market report", "Key note market review","Key note market report plus" and "Key note market focus report". MAPS titles consist of Market assessment reports from 1991, including: "Key note market assessment", and "MAPS strategic market report".
=650  \0$aMarket surveys$zGreat Britain.
=690  7\$aManagement and Business Studies$2blcoll
=710  2\$aKey Note Publications.
=710  2\$aMarket Assessment Publications.
=740  02$aMAPS
=856  40$uhttp://www.keynote.co.uk$zFor subscribers only, requires user name and password; BL Reading Room access only.
=852  41$aBritish Library$bSTI
=A02  \\$a3007861$z0
=CAT  \\$aCONV$b00$c20040425$lBLL90$h0713
=CAT  \\$a3072$b40$c20050128$lBLL01$h1626
=CAT  \\$a3072$b40$c20050128$lBLL01$h1650
=CAT  \\$a3072$b40$c20050128$lBLL01$h1709
=CAT  \\$a3072$b40$c20050128$lBLL01$h1715
=CAT  \\$a3072$b40$c20050202$lBLL01$h1525
=CAT  \\$a3072$b40$c20050324$lBLL01$h1019
=CAT  \\$aBATCH$b00$c20090517$lBLL01$h1817
=CAT  \\$aBATCH$b00$c20091207$lBLL01$h0416
=CAT  \\$aBATCH$b00$c20091214$lBLL01$h0221
=CAT  \\$aBATCH$b00$c20091216$lBLL01$h0041
=CAT  \\$aBATCH-UPD$b00$c20131021$lBLL01$h1141
=FIN  \\$aY$d20050324
=SRC  \\$aDSS03$bbibsr.200404.2.aa
=STA  \\$aSUPPRESSED$bDatabase
=TCO  \\$aCLA$bCLA$c008
=LAS  \\$aBATCH-UPD$b00$c20131021$lBLL01$h1141

