=LDR  01982 as a2200577 a 4500
=001  007195403
=003  Uk
=005  20110426095110.0
=006  m\\\\\\\\d\|\\\\\\
=007  cr||||||||||||
=008  040416c199u9999xxumr\p\s\\\\\0\\\a0eng\\
=FMT  \\$a  SE
=040  \\$aUk$beng$cUk
=042  \\$aukblsr
=082  04$a628$222
=245  00$aAqualine$h[electronic resource].
=260  \\$aBethesda, Md. :$bCSA.
=310  \\$aUpdated monthly
=336  \\$atext$2rdacontent
=337  \\$acomputer$2rdamedia
=338  \\$aonline resource$2rdacarrier
=538  \\$aMode of access: World Wide Web.
=500  \\$aTitle from initial search screen (viewed 11 Feb. 2005)
=520  \\$aBibliographic database, with abstracts of water sciences and hydrology. Covers 1960 onwards.
=650  \0$aWater$vIndexes.
=650  \0$aWater$vAbstracts.
=650  \0$aHydrology$vIndexes.
=650  \0$aHydrology$vAbstracts.
=787  0\$tAqualine CD-ROM$x1355-2201
=787  0\$tAqualine abstracts$x0263-5534
=856  40$uhttp://uk1.csa.com$zFor subscribers only; BL Reading Room access
=852  41$aBritish Library$bSTI
=A02  \\$a1451609$z51609
=CAT  \\$aCONV$b00$c20040425$lBLL90$h0713
=CAT  \\$aCONV$b00$c20040502$lBLL01$h1212
=CAT  \\$a3072$b40$c20050211$lBLL01$h1605
=CAT  \\$a3072$b40$c20050211$lBLL01$h1619
=CAT  \\$a3072$b40$c20050407$lBLL01$h1204
=CAT  \\$a3072$b40$c20050407$lBLL01$h1352
=CAT  \\$a3072$b40$c20050407$lBLL01$h1559
=CAT  \\$aBATCH$b00$c20091207$lBLL01$h0417
=CAT  \\$aBATCH$b00$c20091214$lBLL01$h0222
=CAT  \\$aBATCH$b00$c20091216$lBLL01$h0041
=CAT  \\$a6537$b40$c20110426$lBLL01$h0951
=CAT  \\$aBATCH-UPD$b40$c20131021$lBLL01$h1141
=FIN  \\$aY$d20050407
=LKR  \\$aPAR$b007063085$lBLL01$r787$mAqualine$nAqualine abstracts
=SRC  \\$aDSS03$bbibsr.200404.2.aa
=STA  \\$aSUPPRESSED$bDatabase
=TCO  \\$aTRS$bCCC$c008
=LAS  \\$aBATCH-UPD$b40$c20131021$lBLL01$h1141

