=LDR  02710 ai a2200637 a 4500
=001  007199274
=003  Uk
=005  20151127115336.0
=006  m\\\\\\\\d\|\\\\\\
=007  cr||||||||||||
=008  040416c200u9999enkuu\d\s\\\\\0\\\a2eng\\
=FMT  \\$a  SE
=015  \\$aGBA527061$2bnb
=040  \\$aUk$beng$cUk$dUk
=042  \\$aukblsr
=082  04$a328.41$222
=245  00$aJustis.$pParliament$h[electronic resource].
=246  30$aParliament
=247  10$aParlianet$f<Dec. 15, 2004>
=260  \\$aLondon (Grand Union House, 20 Kentish Town Rd, London NW1 9NR) :$bJustis Publishing
=336  \\$atext$2rdacontent
=337  \\$acomputer$2rdamedia
=338  \\$aonline resource$2rdacarrier
=538  \\$aMode of access: World Wide Web.
=500  \\$aTitle from search screen (viewed Aug. 25, 2010).
=520  \\$aIndex and fulltext to the proceedings and publications of both Houses of Parliament in Westminster from 1979, with material from the Scottish Parliament, the Welsh Assembly and the Northern Ireland Assembly. Includes biographies of MPs and parliamentary questions.
=610  10$aGreat Britain.$bParliament.$bHouse of Commons$vPublication of proceedings.
=610  10$aGreat Britain.$bParliament.$bHouse of Lords$vPublication of proceedings.
=610  10$aScotland.$bParliament$vPublication of proceedings.
=610  10$aWales.$bWelsh Assembly Government$vPublication of proceedings.
=610  10$aNorthern Ireland.$bAssembly$vPublication of proceedings.
=651  \0$aGreat Britain$xPolitics and government$vDatabases.
=856  40$uhttp://www.justcite.co.uk$zFor subscribers only, requires user name and password; BL Reading Room access only
=852  41$aBritish Library$bSTI
=985  \\$aSubscription cancelled wef 13.10.15 - JG (AG)
=A02  \\$a2603968$z48568
=CAT  \\$aCONV$b00$c20040425$lBLL90$h0713
=CAT  \\$a3072$b40$c20050113$lBLL01$h1629
=CAT  \\$a3072$b40$c20050202$lBLL01$h1410
=CAT  \\$a3072$b40$c20050204$lBLL01$h1615
=CAT  \\$a3072$b40$c20050323$lBLL01$h1359
=CAT  \\$a5194$b40$c20051124$lBLL01$h1533
=CAT  \\$a5194$b40$c20051124$lBLL01$h1534
=CAT  \\$a12179$b40$c20081120$lBLL01$h1120
=CAT  \\$aBATCH$b00$c20091207$lBLL01$h0418
=CAT  \\$aBATCH$b00$c20091214$lBLL01$h0223
=CAT  \\$aBATCH$b00$c20091216$lBLL01$h0043
=CAT  \\$a3072$b40$c20100825$lBLL01$h1718
=CAT  \\$a3072$b40$c20100825$lBLL01$h1721
=CAT  \\$aBATCH-UPD$b40$c20131021$lBLL01$h1141
=CAT  \\$a11279$b40$c20151127$lBLL01$h1153
=FIN  \\$aY$d20050323
=SRC  \\$aDSS03$bbibsr.200404.2.aa
=STA  \\$aSUPPRESSED$bDatabase
=TCO  \\$aCLA$bCLA$c008
=LAS  \\$a11279$b40$c20151127$lBLL01$h1153

