=LDR  01122cai a22002893i 4500
=001  018804764
=003  Uk
=005  20230720163836.0
=006  m\\\\\|\\d\|\\\\\\
=007  cr\|||||||||||
=008  180320c2uuu9999enkuu\d\o\\\\\0\\\a2eng\\
=FMT  \\$a  SE
=040  \\$aUk$beng$cUk$erda
=245  00$aRetail Fuel.
=264  \1$a[London]:$bGlobalData UK Ltd
=336  \\$atext$2rdacontent
=337  \\$acomputer$2rdamedia
=338  \\$aonline resource$2rdacarrier
=856  4\$uhttps://www.globaldata.com/$zTo subscribe
=852  41$aBritish Library$bSTI
=985  \\$aNotification 2/3/23 that "Retail Fuel' is now cancelled. From the invoices looks like we had a subscription from mar. 2018- Feb. 2023"; - not sent to cataloguing. Resource can't now be accessed & nothing derivable or found on Google to upgrade - only able to add 008, 264 {dollar}a & 856 - GC.
=CAT  \\$a10902$b40$c20180320$lBLL01$h1213
=CAT  \\$a10902$b40$c20210303$lBLL01$h1427
=CAT  \\$a3072$b40$c20230320$lBLL01$h1715
=CAT  \\$a3072$b40$c20230720$lBLL01$h1638
=STA  \\$aSUPPRESSED$bDatabase
=LAS  \\$a3072$b40$c20230720$lBLL01$h1638

