=LDR  02077 ai a2200517 i 4500
=001  017873937
=003  Uk
=005  20170120094959.0
=006  m\\\\\|\\d\|\\\\\\
=007  cr\|||||||||||
=008  160609c20uu9999enk\x\d\o\\\\\0\\\a2eng\\
=FMT  \\$a  SE
=015  \\$aGBB685277$2bnb
=040  \\$aUk$beng$cUk$erda
=042  \\$aukblsr
=082  04$a381.1$223
=245  00$aCanadean intelligence.
=246  1\$iHTML header title:$aCanadean intelligence center
=246  1\$iAlso known as:$aCanadean consumer knowledge center
=264  \1$a[London] :$bCanadean Ltd, part of Progressive Digital Media Group Plc.
=336  \\$atext$2rdacontent
=337  \\$acomputer$2rdamedia
=338  \\$aonline resource$2rdacarrier
=520  \\$aAnalysis of the global Fast Moving Consumer Goods market. Covers food and drink, cosmetics and toiletries and household products.
=588  \\$aTitle from login screen, viewed June 22, 2016.
=650  \0$aConsumer goods$xEconomic aspects$vDatabases.
=650  \0$aRetail trade$vDatabases.
=650  \0$aRetail trade surveys$vDatabases.
=650  \0$aMarket research$vDatabases.
=710  2\$aCanadean Limited,$eissuing body.
=856  40$uhttps://intelligence.canadean.com/$zFor subscribers only
=852  41$aBritish Library$bHMNTS
=985  \\$aCouldn't access beyond login screen, so checked with Sue Ashpitel; search screen title same; SFX title on as "Canadean consumer knowledge center" - also known as this, so given an added entry.
=CAT  \\$a10902$b40$c20160609$lBLL01$h1452
=CAT  \\$a10902$b40$c20160609$lBLL01$h1453
=CAT  \\$a10902$b40$c20160609$lBLL01$h1644
=CAT  \\$a3072$b40$c20160622$lBLL01$h0934
=CAT  \\$a3072$b40$c20160622$lBLL01$h0936
=CAT  \\$a3072$b40$c20160622$lBLL01$h0939
=CAT  \\$a3072$b40$c20160622$lBLL01$h0946
=CAT  \\$a3072$b40$c20160622$lBLL01$h1002
=CAT  \\$a3072$b40$c20160622$lBLL01$h1003
=CAT  \\$a7332$b40$c20170120$lBLL01$h0949
=FIN  \\$aY$d20160622
=STA  \\$aSUPPRESSED$bDatabase
=LAS  \\$a7332$b40$c20170120$lBLL01$h0949

