=LDR  01818 ai a2200469 i 4500
=001  017874007
=003  Uk
=005  20160824095419.0
=006  m\\\\\|\\d\|\\\\\\
=007  cr\|||||||||||
=008  160609c20uu9999enk\x\d\o\\\\\0\\\a2eng\\
=FMT  \\$a  SE
=015  \\$aGBB685276$2bnb
=040  \\$aUk$beng$cUk$erda
=042  \\$aukblsr
=082  04$a381.10941$223
=245  00$aVerdict.retail.
=264  \1$a[London] :$bVerdict, part of Progressive Digital Media Group plc.
=336  \\$atext$2rdacontent
=337  \\$acomputer$2rdamedia
=338  \\$aonline resource$2rdacarrier
=520  \\$aIndependent analysis of the UK and European retail industry. Covers clothing & footwear, food & drink, DIY, electricals, homewares and personal care sectors.
=588  \\$aTitle from login screen, viewed June 22, 2016.
=650  \0$aRetail trade$zGreat Britain$vDatabases.
=650  \0$aRetail trade$zEurope$vDatabases.
=650  \0$aRetail trade surveys$zGreat Britain$vDatabases.
=650  \0$aRetail trade surveys$zEurope$vDatabases.
=650  \0$aMarket research$zGreat Britain$vDatabases.
=650  \0$aMarket research$zEurope$vDatabases.
=710  2\$aVerdict Research,$eissuing body.
=856  40$uhttps://intelligence.verdictretail.com/$zFor subscribers only
=852  41$aBritish Library$bHMNTS
=985  \\$aCouldn't access beyond login screen, so checked with Sue Ashpitel; search screen title same.
=CAT  \\$a10902$b40$c20160609$lBLL01$h1640
=CAT  \\$a3072$b40$c20160622$lBLL01$h0927
=CAT  \\$a3072$b40$c20160622$lBLL01$h0933
=CAT  \\$a3072$b40$c20160622$lBLL01$h0936
=CAT  \\$a3072$b40$c20160622$lBLL01$h0939
=CAT  \\$a7332$b40$c20160824$lBLL01$h0954
=FIN  \\$aY$d20160622
=STA  \\$aSUPPRESSED$bDatabase
=LAS  \\$a7332$b40$c20160824$lBLL01$h0954

