=LDR  01656 as a2200457 i 4500
=001  016528597
=003  Uk
=005  20131029085636.0
=006  m\\\\\|\\d\|\\\\\\
=007  cr||||||||||||
=008  131029c20119999fr\fr\p\o\\\\\0\\\a0eng\\
=FMT  \\$a  SE
=022  \\$y2225-6334
=040  \\$aUk$beng$cUk$erda
=042  \\$aukblsr
=082  04$a333.7905$223
=245  00$aIEA energy :$bthe journal of the International Energy Agency.
=246  3\$aInternational Energy Agency energy
=264  \1$aParis :$bInternational Energy Agency,$c2011-
=310  \\$aSemiannual
=336  \\$atext$2rdacontent
=337  \\$acomputer$2rdamedia
=338  \\$aonline resource$2rdacarrier
=362  0\$aIssue no. 1 (autumn 2011)-
=500  \\$aTitle from PDF cover (publisher's Web site, viewed October 29, 2013).
=588  \\$aLatest issue consulted: issue 4 (spring 2013) (viewed October 29, 2013).
=650  \0$aEnergy development$vPeriodicals.
=650  \0$aEnergy development$xEnvironmental aspects$vPeriodicals.
=650  \0$aEnergy policy$vPeriodicals.
=650  \0$aEnergy industries$xEconomic aspects$vPeriodicals.
=710  2\$aInternational Energy Agency.
=776  08$iAlso issued in print as:$tIEA energy$x2225-6334
=856  4\$uhttp://www.iea.org/publications/freepublications/$zTo search
=852  41$aBritish Library$bHMNTS
=CAT  \\$a11316$b40$c20131029$lBLL01$h0856
=CAT  \\$aW1711-1225$c20171203$lBLL01$h1054
=FIN  \\$aY$d20131029
=LET  \0$aIEA energy (Electronic)
=MNI  \\$a2225-6334
=STA  \\$aSUPPRESSED$bunable to determine reason for suppression
=LAS  \\$aW1711-1225$b00$c20171203$lBLL01$h1054

