=LDR  02380 as a2200517 i 4500
=001  016679685
=003  Uk
=005  20140428092844.0
=006  m\\\\\|\\d\|\\\\\\
=007  cr\|||||||||||
=008  140403u2008uuuuenkuu\\\o\\\\o0\\\a0eng\\
=FMT  \\$a  SE
=040  \\$aUk$beng$cUk$dUk$erda
=042  \\$aukblsr
=082  04$a363.728094214$223
=245  00$aNorth London Waste Authority :$breport of data quality visit for the Landfill Allowances and Trading Scheme.
=246  1\$iWeb site list title:$aLandfill Allowances and Trading Scheme data quality visit report.$pNorth London Waste Authority
=246  17$aEnvironment Agency data quality report for LATS, NLWA
=264  \1$aSheffield :$bEnvironment Agency,$c2008-
=336  \\$atext$2rdacontent
=337  \\$acomputer$2rdamedia
=338  \\$aonline resource$2rdacarrier
=362  0\$aAugust 2008-
=500  \\$aTitle from PDF cover (publisher's Web site, viewed April 3, 2014).
=588  \\$aLatest issue consulted: March 2010 issue (email, sent February 6, 2013).
=610  10$aGreat Britain.$bLandfill Allowances and Trading Scheme$vPeriodicals.
=650  \0$aRefuse and refuse disposal$xBiodegradation$zEngland$zLondon$xEvaluation$vPeriodicals.
=650  \0$aWaste disposal in the ground$zEngland$zLondon$xEvaluation$vPeriodicals.
=650  \0$aRefuse and refuse disposal$zEngland$zLondon$xManagement$vPeriodicals.
=710  1\$aGreat Britain.$bEnvironment Agency,$eissuing body.
=856  4\$uhttps://publications.environment-agency.gov.uk/skeleton/publications/default.aspx$zTo search
=856  4\$uhttps://www.gov.uk/government/publications$zTo search
=852  \\$aBritish Library$bHMNTS
=985  \\$aLATS ceased in 2013.
=CAT  \\$a11316$b40$c20140403$lBLL01$h0853
=CAT  \\$a11316$b40$c20140403$lBLL01$h0856
=CAT  \\$a11316$b40$c20140403$lBLL01$h0859
=CAT  \\$a11316$b40$c20140403$lBLL01$h0909
=CAT  \\$a11316$b40$c20140403$lBLL01$h1027
=CAT  \\$a11316$b40$c20140404$lBLL01$h1505
=CAT  \\$a8201$b40$c20140428$lBLL01$h0928
=CAT  \\$aW1711-1225$c20171203$lBLL01$h1055
=FIN  \\$aY$d20140403
=LET  \0$aNorth London Waste Authority : report of data quality visit for the Landfill Allowances and Trading Scheme (Electronic)
=STA  \\$aSUPPRESSED$bunable to determine reason for suppression
=LAS  \\$aW1711-1225$b00$c20171203$lBLL01$h1055

