=LDR  02102 as a2200553 a 4500
=001  013615099
=003  Uk
=005  20061130161315.0
=006  m\\\\\\\\d\|\\\\\\
=007  cr||||||||||||
=008  061130c200u9999enkuu|p\s\\\\\0\\\a0eng\\
=015  \\$aGBA6A1325$2bnb
=040  \\$aUk$beng$cUk
=042  \\$aukblsr
=082  04$a363.11094105$222
=245  00$aHealth and safety newsletter for local authorities$h[electronic resource].
=246  1\$iWeb site list title:$aLAU newsletter
=260  \\$aLondon :$bHealth & Safety Executive
=336  \\$atext$2rdacontent
=337  \\$acomputer$2rdamedia
=338  \\$aonline resource$2rdacarrier
=500  \\$aTitle from caption.
=500  \\$aDescription based on: Issue no. 1 (Feb. 2002)
=506  \\$aIn PDF format.
=515  \\$aNumbering begins again at no. 1 each year.
=530  \\$aAlso available on the World Wide Web (as viewed on 30th Nov. 2006)
=530  \\$a"This newsletter will be available in electronic format only from April 2002" - p.1.
=538  \\$aMode of access: email.
=538  \\$aSystem requirements: Adobe Acrobat Reader.
=550  \\$aIssued by HSE's Local Authority Unit.
=650  \0$aIndustrial safety$zGreat Britain$vPeriodicals.
=650  \0$aIndustrial hygiene$zGreat Britain$vPeriodicals.
=710  1\$aGreat Britain.$bHealth & Safety Executive.$bLocal Authority Unit.
=852  41$aBritish Library$bHMNTS
=856  40$uhttp://www.hse.gov.uk/LAU/newsletter.htm$zFollow links to resource.
=985  \\$anew body
=CAT  \\$a10902$b40$c20061130$lBLL01$h1338
=CAT  \\$a10902$b40$c20061130$lBLL01$h1354
=CAT  \\$a3072$b40$c20061130$lBLL01$h1545
=CAT  \\$a3072$b40$c20061130$lBLL01$h1613
=CAT  \\$aBATCH-UPD$b40$c20061215$lBLL01$h1152
=CAT  \\$aBATCH-UPD$b40$c20150509$lBLL01$h1440
=CAT  \\$aW1711-1225$c20171203$lBLL01$h1025
=FIN  \\$aY$d20061130
=FMT  \\$a  SE
=LAS  \\$aW1711-1225$b00$c20171203$lBLL01$h1025
=SRC  \\$aDSS04$bbibld.200404.2.aa
=STA  \\$aSUPPRESSED$bunable to determine reason for suppression
=TCO  \\$aCLA$bCLA$c008

