=LDR  01904 am a2200517 a 4500
=001  013634652
=003  Uk
=005  20071030155625.0
=006  m\\\\|\\\d\|\\\\\\
=007  cr||||||||||||
=008  070103s2007\\\\enk||||\s||||\00|\0\eng\\
=015  \\$aGBA787934$2bnb
=020  \\$c£11.99
=040  \\$aUk$beng$cUk
=042  \\$aukblsr
=082  04$a381.1470941$222
=245  00$aUK market synopsis.$pCorner shops and convenience stores$h[electronic resource] :$ban overview of the current performance, trends and key factors affecting the UK corner shops and convenience stores market.
=250  \\$a[New ed.].
=260  \\$aGateshead :$bCobweb Information Ltd,$c2007.
=336  \\$atext$2rdacontent
=337  \\$acomputer$2rdamedia
=338  \\$aonline resource$2rdacarrier
=490  1\$aUK market synopsis
=500  \\$aTitle from PDF title page (viewed on 30 Oct., 2007).
=500  \\$aPrevious ed. in print format: 2003?
=500  \\$a"January 2007."
=516  \\$aPDF format.
=538  \\$aMode of access: World Wide Web.
=538  \\$aSystem requirements: Adobe Acrobat Reader.
=650  \0$aConvenience stores$zGreat Britain.
=650  \0$aRetail trade surveys$zGreat Britain.
=710  2\$aCobweb Information Ltd.
=830  \0$aUK market synopsis.
=852  41$aBritish Library$bHMNTS
=856  40$uhttp://www.scavenger.net/home.php$zTo purchase copy for download
=CAT  \\$a7750$b40$c20070103$lBLL01$h0854
=CAT  \\$a7750$b40$c20070103$lBLL01$h0856
=CAT  \\$a8141$b40$c20071030$lBLL01$h1556
=CAT  \\$aBATCH$b00$c20091217$lBLL01$h0442
=CAT  \\$aBATCH$b00$c20100103$lBLL01$h1236
=CAT  \\$aW1711-1225$c20171203$lBLL01$h1025
=CAT  \\$aBATCH-UPD$b00$c20171203$lBLL01$h1153
=FIN  \\$aY$d20071030
=FMT  \\$a  BK
=LAS  \\$aBATCH-UPD$b00$c20171203$lBLL01$h1153
=STA  \\$aSUPPRESSED$bunable to determine reason for suppression

