=LDR  02630 ai a2200673 a 4500
=001  013700428
=003  Uk
=005  20100225161441.0
=006  m\\\\\\\\d\\\\\\\\
=007  cr\un|||||||||
=008  000207c19969999nyudr\w\s\\\\\0\\\\2eng\d
=019  c\$a3025954
=035  \\$a(OCoLC)65978670
=040  \\$aUAB$cUAB$dTXA$dSTF$dUk
=042  \\$aukblsr
=050  \4$aHF5548.32$b.E1872
=082  04$a658.84$222
=245  00$aeMarketer$h[electronic resource].
=246  3\$iHTML source title:$aeMarketer extranet
=260  \\$aNew York :$beMarketer, Inc.
=310  \\$aUpdated daily
=336  \\$atext$2rdacontent
=337  \\$acomputer$2rdamedia
=338  \\$aonline resource$2rdacarrier
=362  1\$aBegan in 1996?
=500  \\$aTitle from home page (viewed Aug. 8, 2007).
=506  \\$aAccess restricted to users at subscribing institutions.
=516  \\$aText (Reports and articles).
=520  \\$aIncludes daily research articles, analyst reports, and a database of e-business and online marketing statistics, aggregated and analyzed from over 2,800 sources. Topics include market research and trend analysis on Internet, e-business, online marketing, media and emerging technologies.
=530  \\$aeMarketer reports also available in print.
=538  \\$aMode of access: World wide web.
=650  \0$aElectronic commerce$vStatistics.
=650  \0$aInformation technology$vStatistics.
=650  \0$aConsumer behavior$vStatistics.
=650  \0$aInternet marketing$vStatistics.
=690  7\$aManagement and Business Studies$2blcoll
=710  2\$aeMarketer.
=852  41$aBritish Library$bSTI
=856  40$uhttp://www.library.ualberta.ca/databases/databaseinfo/index.cfm?ID=3483$zFor subscribers only, requires user name and password; BL Reading Room access
=945  \\$aEMARKETER -ELECTRONIC EDITION-.
=979  \\$aBritish Library$bDSC$j3732.906776N
=CAT  \\$a6524$b40$c20070321$lBLL01$h1056
=CAT  \\$a6524$b40$c20070321$lBLL01$h1057
=CAT  \\$a3072$b40$c20100225$lBLL01$h1017
=CAT  \\$a3072$b40$c20100225$lBLL01$h1018
=CAT  \\$a3072$b40$c20100225$lBLL01$h1614
=CAT  \\$aBATCH690$c20100715$lBLL01$h2104
=CAT  \\$aBATCH-MBS$c20100716$lBLL01$h2049
=CAT  \\$aWR12_168$c20121206$lBLL01$h1817
=CAT  \\$aWR13.005$c20130323$lBLL01$h1516
=CAT  \\$aBATCH-UPD$b00$c20131021$lBLL01$h1141
=FIN  \\$aY$d20100225
=FMT  \\$a  SE
=LAS  \\$aBATCH-UPD$b00$c20131021$lBLL01$h1141
=LEO  \\$aMP10.0000207134
=SID  \\$aZ39$bOCLC
=SRC  \\$aDSS01$bbibmp10.200404.2.aa
=STA  \\$aSUPPRESSED$bDatabase
=TCO  \\$aTRS$bCCC$c008

