=LDR  03119 ai a2200577 a 4500
=001  015338505
=003  Uk
=005  20110607171137.0
=006  m\\\\\\\\d\\\\\\\\
=007  cr|cnu||||||||
=008  080319c20089999enkqr\d\obd\\\0\\\a2eng\c
=010  \\$a2010228782
=015  \\$aGBB169699$2bnb
=035  \\$a(OCoLC)213479654
=040  \\$aYDXCP$beng$cYDXCP$dMoSW$dWaU$dCaQMU$dMdU$dAU@$dSINTU$dCaQMM$dHS0$dPU$dOCoLC$dST-EdSUN$dUk
=042  \\$aukblsr
=050  \4$aHB61$b.N48 2008
=082  04$a330.03$222
=245  04$aThe new Palgrave dictionary of economics online$h[electronic resource] /$c[edited by Steven N. Durlauf and Lawrence E. Blume].
=246  3\$aPalgrave dictionary of economics online
=260  \\$aBasingstoke, Hampshire ;$aNew York :$bPalgrave Macmillan,$c2008-
=310  \\$aUpdated quarterly
=336  \\$atext$2rdacontent
=337  \\$acomputer$2rdamedia
=338  \\$aonline resource$2rdacarrier
=504  \\$aIncludes bibliographical references.
=506  \\$aAccess restricted to users at subscribing institutions.
=520  \\$aContains the full text of the 8 volume print 2nd edition as well as an archive of the 1987 text. In addition, the online Dictionary is a dynamic resource for economists which contains hyperlinked cross-references within articles, features carefully selected and maintained links to related sites, incorporates quarterly additions and updates, and offers search and browse facilities, both full text and advanced.
=538  \\$aSystem requirements: The Dictionary contains a large amount of mathematical equations. These equations are represented as MathML. FireFox 2 fully supports MathML display when mathematical fonts have been installed. Internet Explorer 7 can be extended to display MathML using the MathPlayer plugin. Refer to the site for further instructions under "Getting Started."
=588  \\$aDescription based on July 2010 Update (publisher's Web site, viewed Sept. 28, 2010); title from home page.
=650  \0$aEconomics$vDictionaries.
=690  7\$aManagement and Business Studies$2blcoll
=700  1\$aDurlauf, Steven N.
=700  1\$aBlume, Lawrence.
=710  2\$aPalgrave Macmillan (Firm)
=776  08$iIncludes the print version:$tNew Palgrave dictionary of economics.$b2nd ed.$dBasingstoke, Hampshire ; New York : Palgrave Macmillan, 2008
=776  08$iIncludes archive of version published in 1987:$tNew Palgrave.$dLondon : Macmillan ; New York : Stockton Press ; Tokyo : Maruzen, 1987
=852  41$aBritish Library$bHMNTS
=856  40$uhttp://www.dictionaryofeconomics.com/dictionary$zFor subscribers only; BL Reading Room access
=CAT  \\$a10902$b40$c20090729$lBLL01$h1539
=CAT  \\$a3072$b40$c20110607$lBLL01$h1709
=CAT  \\$a3072$b40$c20110607$lBLL01$h1710
=CAT  \\$a3072$b40$c20110607$lBLL01$h1711
=CAT  \\$aBATCH-MBS$c20110610$lBLL01$h2102
=CAT  \\$aBATCH-UPD$b00$c20131021$lBLL01$h1142
=FIN  \\$aY$d20110607
=FMT  \\$a  SE
=LAS  \\$aBATCH-UPD$b00$c20131021$lBLL01$h1142
=SID  \\$aZ39$bSUNCAT
=STA  \\$aSUPPRESSED$bDatabase
=TCO  \\$aCLA$bCLA$c008

