=LDR  02396 ai a2200577 a 4500
=001  015596280
=003  Uk
=005  20140616093049.0
=006  m\\\\\\\\d\|\\\\\\
=007  cr|cn\||||||||
=008  100707c200u9999enkkr\d\s\\\\\0\\\a2eng\\
=015  \\$aGBB091260$2bnb
=040  \\$aUk$beng$cUk$dUk
=042  \\$aukblsr
=082  04$a658.4038$222
=245  00$aOvum knowledgecenter.$pIndustries and technology$h[electronic resource].
=246  3\$aOvum knowledge center.$pIndustries and technology
=246  13$aKnowledge center.$pIndustries and technology
=246  1\$iAlso known as :$aDatamonitor technology knowledge center
=246  1\$iAlso known as :$aTechnology & industries knowledge center
=246  1\$iAlso known as :$aIT knowledge center
=260  \\$a[London] :$bOvum
=310  \\$aContinuously updated
=336  \\$atext$2rdacontent
=337  \\$acomputer$2rdamedia
=338  \\$aonline resource$2rdacarrier
=500  \\$aTitle from Welcome screen (viewed July 28, 2010).
=520  \\$aIn-depth ICT analysis comprising Ovum, Butler Group and Datamonitor Technology research. Covers IT services, software and enterprise IT management.
=538  \\$aMode of access: World Wide Web.
=650  \0$aComputer service industry$xManagement$vDatabases.
=650  \0$aComputer software industry$xManagement$vDatabases.
=650  \0$aInformation technology$xManagement$vDatabases.
=650  \0$aBusiness$xResearch$vDatabases.
=650  \0$aMarket surveys$vDatabases.
=690  7\$aManagement and Business Studies$2blcoll
=710  2\$aOvum (Firm)
=852  41$aBritish Library$bSTI
=856  40$uhttps://www.ovumkc.com/kc/vendor/login/$zFor subscribers only, user name and password required; BL Reading Room access
=985  \\$aresource not seen; user name and password didn't recognise IP address. Email from Sue Ashpitel 12/6/14 to say sub has been cancelled.
=CAT  \\$a10902$b40$c20100707$lBLL01$h1113
=CAT  \\$a3072$b40$c20100728$lBLL01$h1333
=CAT  \\$a3072$b40$c20100728$lBLL01$h1350
=CAT  \\$aBATCH-MBS$c20100806$lBLL01$h2052
=CAT  \\$a11249$b40$c20100916$lBLL01$h1447
=CAT  \\$aBATCH-UPD$b40$c20131021$lBLL01$h1141
=CAT  \\$a11279$b40$c20140616$lBLL01$h0930
=FIN  \\$aY$d20100728
=FMT  \\$a  SE
=LAS  \\$a11279$b40$c20140616$lBLL01$h0930
=STA  \\$aSUPPRESSED$bDatabase
=TCO  \\$aCLA$bCLA$c008

