=LDR  02525 ai a2200625 a 4500
=001  015632549
=003  Uk
=005  20110729143424.0
=006  m\\\\\\\\d\|\\\\\\
=007  cr||||||||||||
=008  100820c19uu9999fr\wr\d\\ai\\\0\\\a2eng\\
=040  \\$aUk$cUk$dUk
=041  \\$aeng$bmul
=042  \\$aukblsr
=082  04$a500$222
=130  0\$aPascal (Online)
=245  10$aPascal$h[electronic resource].
=260  \\$a[France] :$bInstitut de l'Information Scientifique et Technique
=310  \\$aUpdated weekly
=336  \\$atext$2rdacontent
=337  \\$acomputer$2rdamedia
=338  \\$aonline resource$2rdacarrier
=500  \\$aTitle from database selection screen (Wolters Kluwer / OvidSP (viewed Aug. 23, 2010).
=520  \\$aPascal is a multilingual multidisciplinary bibliographic database in Science, Technology and Medicine, with a special emphasis on Europen literature.
=538  \\$aMode of access: World Wide Web.
=550  \\$aDatabase compiled by INIST.
=580  \\$aFrom 2010 absorbs Pascal biomed, previously also available as a separate database.
=650  \0$aScience$vAbstracts.
=650  \0$aScience$vIndexes.
=650  \0$aTechnology$vAbstracts.
=650  \0$aTechnology$vIndexes.
=650  \0$aMedicine$vAbstracts.
=650  \0$aMedicine$vIndexes.
=710  2\$aInstitut de l'Information Scientifique et Technique.
=780  15$tPascal biomed
=787  0\$tPascal$x0995-2594
=852  41$aBritish Library$bSTI
=856  40$uhttp://ovidsp.ovid.com/$zFor subscribers only; BL Reading Room access
=985  \\$aNot sure whether CD-ROM still produced or not - so added 787
=985  \\$a"Pascal Biomed was always a subset of Pascal database - but it is now no longer available as a separate product. We have taken out a subscription to the full Pascal database" - E. Newbold. ie Pascal biomed subsumed into Pascal.
=CAT  \\$a10902$b40$c20100820$lBLL01$h1053
=CAT  \\$a3072$b40$c20100823$lBLL01$h1414
=CAT  \\$a3072$b40$c20100823$lBLL01$h1416
=CAT  \\$a3072$b40$c20100823$lBLL01$h1419
=CAT  \\$a3072$b40$c20100823$lBLL01$h1423
=CAT  \\$a3072$b40$c20100823$lBLL01$h1424
=CAT  \\$a3072$b40$c20100906$lBLL01$h1345
=CAT  \\$a6537$b40$c20110729$lBLL01$h1434
=CAT  \\$aBATCH-UPD$b40$c20131021$lBLL01$h1141
=FIN  \\$aY$d20100823
=FMT  \\$a  SE
=LAS  \\$aBATCH-UPD$b40$c20131021$lBLL01$h1141
=LKR  \\$aPAR$b007190218$lBLL01$r787$mPascal$nPascal.
=STA  \\$aSUPPRESSED$bDatabase
=TCO  \\$aFRA$bCFC$c008

