=LDR  01910 ai a2200505 a 4500
=001  016002905
=003  Uk
=005  20120106161506.0
=006  m\\\\\\\\d\|\\\\\\
=007  cr||||||||||||
=008  120106c200u9999enkmr\d\o\\\\\0\\\a2eng\\
=FMT  \\$a  SE
=015  \\$aGBB201053$2bnb
=040  \\$aUk$beng$cUk
=042  \\$aukblsr
=082  04$a333.7$222
=245  00$aEnvironmental science and pollution management$h[electronic resource].
=246  1\$iAlso known as:$aEnvironmental sciences and pollution management
=246  1\$iAlso known as:$aESPM
=260  \\$aCambridge :$bProQuest
=310  \\$aUpdated monthly
=336  \\$atext$2rdacontent
=337  \\$acomputer$2rdamedia
=338  \\$aonline resource$2rdacarrier
=538  \\$aMode of access: World Wide Web.
=520  \\$aOffers access to the international literature in the environmental sciences. Provides abstracts and citations drawn from scientific journals, conference proceedings, reports, monographs and government publications. Updated monthly.
=500  \\$aTitle from home page (viewed Jan. 6, 2012).
=650  \0$aEnvironmental sciences$vAbstracts.
=650  \0$aEnvironmental sciences$vIndexes.
=650  \0$aPollution$vAbstracts.
=650  \0$aPollution$vIndexes.
=710  2\$aProQuest (Firm)
=856  4\$uhttp://search.proquest.com/$zFor subscribers only; BL Reading Room access
=852  41$aBritish Library$bSTI
=985  \\$asub migrated from Risk abstracts Jan. 2012.
=CAT  \\$a10902$b40$c20120106$lBLL01$h1359
=CAT  \\$a3072$b40$c20120106$lBLL01$h1612
=CAT  \\$a3072$b40$c20120106$lBLL01$h1613
=CAT  \\$a3072$b40$c20120106$lBLL01$h1615
=CAT  \\$aBATCH-TCO$c20120117$lBLL01$h0038
=CAT  \\$aBATCH-UPD$b00$c20131021$lBLL01$h1141
=FIN  \\$aY$d20120106
=STA  \\$aSUPPRESSED$bDatabase
=TCO  \\$aCLA$bCLA$c008
=LAS  \\$aBATCH-UPD$b00$c20131021$lBLL01$h1141

