=LDR  01861 ai a2200481 a 4500
=001  016013758
=003  Uk
=005  20131009093805.0
=006  m\\\\\\\\d\|\\\\\\
=007  cr||||||||||||
=008  120124c200u9999xxuuu\d\oai\\\0\\\a2eng\\
=FMT  \\$a  SE
=040  \\$aUk$beng$cUk$dUk
=042  \\$aukblsr
=082  04$a370$222
=130  0\$aEducation abstracts (H.W. Wilson)
=245  10$aEducation abstracts$h[electronic resource] :$b(H.W. Wilson).
=260  \\$a[Ipswich, MA] :$bEBSCO Publishing
=336  \\$atext$2rdacontent
=337  \\$acomputer$2rdamedia
=338  \\$aonline resource$2rdacarrier
=538  \\$aMode of access: World Wide Web.
=520  \\$aProvides indexing and abstracts to over 680 periodicals plus books & yearbooks; coverage includes adult education, continuing education, literacy standards, multicultural/ethnic education, teaching methods, etc. from 1983.
=500  \\$aTitle from search screen (Ebscohost, viewed Jan. 24, 2012).
=650  \0$aEducation$vAbstracts.
=650  \0$aEducation$vIndexes.
=710  2\$aEBSCO Publishing (Firm)
=710  2\$aH.W. Wilson Company.
=787  0\$tEducation index (Online)
=856  4\$uhttp://http://web.ebscohost.com$zFor subscribers only; BL Reading Room access
=852  41$aBritish Library$bHMNTS
=985  \\$aCancelled October 2013, email from Jennie Grimshaw (AG)
=CAT  \\$a10902$b40$c20120124$lBLL01$h0910
=CAT  \\$a3072$b40$c20120124$lBLL01$h1613
=CAT  \\$a3072$b40$c20120124$lBLL01$h1617
=CAT  \\$a3072$b40$c20120124$lBLL01$h1713
=CAT  \\$a3072$b40$c20120131$lBLL01$h1024
=CAT  \\$a3072$b40$c20120131$lBLL01$h1128
=CAT  \\$a11279$b40$c20131009$lBLL01$h0938
=CAT  \\$aBATCH-UPD$b40$c20131021$lBLL01$h1141
=FIN  \\$aY$d20120124
=STA  \\$aSUPPRESSED$bDatabase
=LAS  \\$aBATCH-UPD$b40$c20131021$lBLL01$h1141

