=LDR  01553 as a2200421 a 4500
=001  016021341
=003  Uk
=005  20120202110907.0
=006  m\\\\\\\\d\|\\\\\\
=007  cr||||||||||||
=008  120201c200u9999enkuu\p\o\\\\\0\\\a0eng\\
=FMT  \\$a  SE
=015  \\$aGBB210692$2bnb
=040  \\$aUk$beng$cUk
=042  \\$aukblsr
=082  04$a069.0942105$223
=245  00$aNews update for London's Museums$h[electronic resource].
=246  1\$iFile name:$aMuseums news
=246  1\$iemail subject line:$aUpdates for London's museums
=260  \\$a[London :$bLondon Museums Hub?]
=336  \\$atext$2rdacontent
=337  \\$acomputer$2rdamedia
=338  \\$aonline resource$2rdacarrier
=538  \\$aMode of access: World Wide Web.
=588  \\$aDescription based on: 30/11/2010 issue; title from Word caption (email, sent 30/11/2010).
=650  \0$aMuseums$zEngland$zLondon$vPeriodicals.
=710  2\$aLondon Museums Hub.
=856  4\$uhttp://www.museumoflondon.org.uk/Explore-online/Enewsletter/EnewsletterForm.htm$zTo subscribe
=852  41$aBritish Library$bHMNTS
=985  \\$anot sure whether URL is for this particular newsletter.
=CAT  \\$a3072$b40$c20120201$lBLL01$h1716
=CAT  \\$a3072$b40$c20120201$lBLL01$h1718
=CAT  \\$a7332$b40$c20120202$lBLL01$h1109
=CAT  \\$aW1711-1225$c20171203$lBLL01$h1046
=FIN  \\$aY$d20120201
=LET  \0$aNews update for London's Museums (Electronic)
=STA  \\$aSUPPRESSED$bunable to determine reason for suppression
=LAS  \\$aW1711-1225$b00$c20171203$lBLL01$h1046

