=LDR  02011 as a2200505 a 4500
=001  016062431
=003  Uk
=005  20120411145528.0
=006  m\\\\\\\\d\|\\\\\\
=007  cr||||||||||||
=008  120403c20099999enktr\p\o\\\\\0\\\a0eng\\
=FMT  \\$a  SE
=015  \\$aGBB233108$2bnb
=022  0\$a2050-1331$202
=040  \\$aUk$beng$cUk
=042  \\$aukblsr$aissnuk
=082  04$a372.34042094105$223
=222  \0$aAdvancing education
=245  00$aAdvancing education$h[electronic resource].
=246  1\$iWeb site variant:$aAdvancing education journal
=260  \\$aNottingham :$bNaace,$c2009-
=310  \\$aThree issues yearly
=336  \\$atext$2rdacontent
=337  \\$acomputer$2rdamedia
=338  \\$aonline resource$2rdacarrier
=362  0\$aSpring 2009-
=538  \\$aMode of access: World Wide Web.
=500  \\$aTitle from HTML header (publisher's Web site, viewed Apr. 3, 2012).
=588  \\$aLatest issue consulted: Spring 2012 (viewed Apr. 3, 2012).
=588  \\$aThis new Naace journal replaces the former publications Primary Focus and Computer education.$5Uk
=650  \0$aEducation, elementary$zGreat Britain$xData processing$vPeriodicals.
=650  \0$aComputer-assisted instruction$zGreat Britain$xPeriodicals.
=710  2\$aNational Association of Advisers for Computers in Education.
=856  4\$uhttp://www.naace.co.uk/advancingeducation$zTo subscribe
=852  41$aBritish Library$bHMNTS
=985  \\$aSubsequently RARPED as there is no way of downloading. Is set of HTML links/webpages (several webpages make up an issue).
=CAT  \\$a3072$b40$c20120403$lBLL01$h1616
=CAT  \\$a3072$b40$c20120403$lBLL01$h1617
=CAT  \\$a3072$b40$c20120411$lBLL01$h1116
=CAT  \\$a11315$b40$c20120411$lBLL01$h1455
=CAT  \\$aW1711-1225$c20171203$lBLL01$h1047
=FIN  \\$aY$d20120403
=LET  \0$aAdvancing education (Electronic)
=STA  \\$aSUPPRESSED$bunable to determine reason for suppression
=LAS  \\$aW1711-1225$b00$c20171203$lBLL01$h1047

