=LDR  01775 as a2200445 a 4500
=001  016221101
=003  Uk
=005  20121207105158.0
=006  m\\\\\\\\d\|\\\\\\
=007  cr||||||||||||
=008  121129c200u9999ie\\x\m\o\\\\\0\\\a0eng\\
=FMT  \\$a  SE
=015  \\$aGBB2C1089$2bnb
=022  0\$y1649-5055
=040  \\$aUk$beng$cUk
=042  \\$aukblsr
=082  04$a639.2$223
=130  0\$aIrish fisheries bulletin (Online)
=245  10$aIrish fisheries bulletin$h[electronic resource].
=260  \\$a[Oranmore] :$bMarine Institute
=336  \\$atext$2rdacontent
=337  \\$acomputer$2rdamedia
=338  \\$aonline resource$2rdacarrier
=538  \\$aMode of access: World Wide Web.
=538  \\$aSystem requirements: Adobe Acrobat Reader.
=588  \\$aDescription based on: no. 39 (2011); title from PDF title page (publisher's Web site, viewed Nov. 29, 2012).
=588  \\$aLatest issue consulted: no. 40 (viewed Nov. 29, 2012).
=650  \0$aFishery sciences$vPeriodicals.
=650  \0$aFisheries$zIreland$vPeriodicals.
=710  2\$aMarine Institute (Dublin, Ireland)
=776  0\$tIrish fisheries bulletin$x1649-5055
=856  4\$uhttp://oar.marine.ie/handle/10793/24$zTo search
=852  41$aBritish Library$bHMNTS
=985  \\$aN.B. DO NOT ACCESSION AGAINST THIS SERIAL RECORD. TO BE CATALOGUED AS MONOGRAPHS IN SERIES (AS FOR IRISH FISHERIES INVESTIGATIONS (NEW SERIES); ONLINE ONES FROM THIS BODY WILL BE MONOS IN SERIES.
=CAT  \\$a8201E$b40$c20121129$lBLL01$h0925
=CAT  \\$a3072$b40$c20121207$lBLL01$h1051
=CAT  \\$aW1711-1225$c20171203$lBLL01$h1051
=LET  \0$aIrish fisheries bulletin (electronic)
=STA  \\$aSUPPRESSED$bunable to determine reason for suppression
=LAS  \\$aW1711-1225$b00$c20171203$lBLL01$h1051

