=LDR  02163 as a2200541 a 4500
=001  012439032
=003  Uk
=005  20130516143952.0
=006  m\\\\\\\\d\|\\\\\\
=007  cr||||||||||||
=008  040415c199u9999xxuuu\p\s\\\\\0\\\a0eng\\
=040  \\$aUk$beng$cUk
=042  \\$aukblsr
=082  04$a800$222
=245  00$aLiterature resource center$h[electronic resource].
=246  1\$iAlso known as:$aLRC
=260  \\$a[United States] :$bThomson Gale.
=336  \\$atext$2rdacontent
=337  \\$acomputer$2rdamedia
=338  \\$aonline resource$2rdacarrier
=500  \\$aTitle from initial search screen (viewed on 28 Apr. 2005)
=520  \\$aProvides access to biographies, bibliographies, and critical analysis of authors from every age and literary discipline. Covers more than 90,000 novelists, poets, essayists, journalists, and other writers, with in-depth coverage of 2,000 of the most-studied authors. Covers world, US and English authors.
=538  \\$aMode of access: World Wide Web.
=650  \0$aAuthors$xBiography.
=650  \0$aAuthors$vIndexes.
=650  \0$aLiterature$xHistory and criticism.
=650  \0$aWeb sites$vDirectories.
=650  \0$aLiterature$xComputer network resources.
=852  41$aBritish Library$bHMNTS
=856  40$uhttp://www.bl.uk/cgi-bin/eresources.pl?http://infotrac.galegroup.com/itweb/?db=LitRC
=856  40$uhttp://galenet.galegroup.com$zFor subscribers only; BL Reading Room access
=A02  \\$a1339228$z139228
=CAT  \\$aCONV$b00$c20040425$lBLL90$h0713
=CAT  \\$aCONV$b00$c20040502$lBLL01$h1509
=CAT  \\$a3072$b40$c20050428$lBLL01$h1731
=CAT  \\$a3072$b40$c20050503$lBLL01$h1026
=CAT  \\$a3072$b40$c20050519$lBLL01$h1400
=CAT  \\$aBATCH$b00$c20091210$lBLL01$h2333
=CAT  \\$aBATCH$b00$c20091214$lBLL01$h0845
=CAT  \\$aBATCH$b00$c20091216$lBLL01$h0218
=CAT  \\$a11279$b40$c20130516$lBLL01$h1439
=CAT  \\$aBATCH-UPD$b40$c20131021$lBLL01$h1141
=FIN  \\$aY$d20050519
=FMT  \\$a  SE
=LAS  \\$aBATCH-UPD$b40$c20131021$lBLL01$h1141
=SRC  \\$aDSS02$bbibh.200404.2.aa
=STA  \\$aSUPPRESSED$bDatabase
=TCO  \\$aTRS$bCCC$c008

