=LDR  02081 as a2200577 a 4500
=001  007691615
=003  Uk
=005  20130516144715.0
=007  cr\|||||||||||
=008  040317c19999999enkmr|p|s|ai\\0\\\a0eng\\
=FMT  \\$a  SE
=015  \\$aGBA381358$2bnb
=019  y\$abA381358
=019  9\$abA381358
=039  0\$a2785
=040  \\$aUk$cUk$dUk
=082  04$a669.05$222
=245  00$aMetadex$h[electronic resource].
=260  \\$aBethesda, M.D. ;$aOxford :$bCSA.
=310  \\$aUpdated monthly
=336  \\$atext$2rdacontent
=337  \\$acomputer$2rdamedia
=338  \\$aonline resource$2rdacarrier
=500  \\$aTitle from website (viewed on 12 Nov. 2003)
=520  \\$aComprehensive indexing and abstracting source for metals and alloys: their properties, manufacturing, applications and development. Coverage from 1966.
=530  \\$aAlso available as: Metals abstracts, Metals abstracts index and: Alloys index.
=538  \\$aMode of access: World Wide Web.
=650  \0$aMetals$vAbstracts.
=650  \0$aMetals$vIndexes.
=710  2\$aCambridge Scientific Abstracts, Inc.
=730  0\$aMetals abstracts,$x0026-0924.
=730  0\$aMetals abstracts index,$x0094-8233.
=730  0\$aAlloys index,$x0094-8233.
=856  40$uhttp://www.bl.uk/cgi-bin/eresources.pl?http://search.proquest.com/databases/index
=856  40$uhttp://csa1.co.uk$zFor subscribers only; requires user name and password
=852  41$aBritish Library$bSTI
=985  \\$aRecord merged by DQ team
=CAT  \\$aCONV$b00$c20040425$lBLL90$h0531
=CAT  \\$aCONV$b00$c20040502$lBLL01$h1229
=CAT  \\$a6550$b40$c20051107$lBLL01$h1350
=CAT  \\$a11306$b40$c20061010$lBLL01$h0847
=CAT  \\$a11279$b40$c20130516$lBLL01$h1447
=CAT  \\$aBATCH-UPD$b40$c20131021$lBLL01$h1141
=CAT  \\$aWR14_140$c20140905$lBLL01$h1721
=FIN  \\$aY
=LEO  \\$aMP5.0000027490
=SRC  \\$aBNB03$bbibmp5.200404.2.aa
=SRC  \\$aDSS03$bbibsr.200404.2.aa
=STA  \\$aSUPPRESSED$bDatabase
=TCO  \\$aCLA$bCLA$c008
=LAS  \\$aWR14_140$b00$c20140905$lBLL01$h1721

