=LDR  03720 ai a2200829 a 4500
=001  007034769
=003  Uk
=005  20081215144841.0
=006  m\\\\\\\\e\\\\\\\\
=007  cr\mn|||||||||
=008  970721c19969999xxuqr\dss\a\\\0\\\\2eng\d
=FMT  \\$a  SE
=015  \\$aGBA367618$2bnb
=019  y\$abA367618
=019  9\$abA367618
=039  0\$a2767
=040  \\$aUk$cUk$dUk
=041  0\$aeng$afre
=042  \\$aukblsr
=050  \4$aN7510$b.B52
=082  04$a016.709$221
=130  0\$aBibliography of the history of art (Online)
=245  10$aBibliography of the history of art$h[electronic resource].
=246  13$aBHA
=246  1\$iHTML tab:$aBibHistArt
=260  \\$a[Los Angeles, CA :$bGetty Research Institute ;$aFrance :$bFrench Institut de l'Information Scientifique et Technique du Centre National de la Recherche Scientifique]
=310  \\$aQuarterly
=336  \\$atext$2rdacontent
=337  \\$acomputer$2rdamedia
=338  \\$aonline resource$2rdacarrier
=362  1\$aBegan in 1996.
=538  \\$aMode of access: World Wide Web.
=500  \\$aIndexes and abstracts art-related books, conference proceedings and dissertations, exhibition and dealer's catalogues, and articles from over 1,400 periodicals. The product of collaboration between the Getty Research Institute of the J. Paul Getty Trust and the French Institut de l'Information Scientifique et Technique du Centre National de la Recherche Scientifique. It includes and extends the coverage of its two predecessor art indexes: Répertoire d'Art et d'Archéologie (RAA) from 1973 to 1989 and International Repertory of the Literature of Art (RILA) from 1975 to 1989.
=500  \\$aTitle from quick search screen (CSA illumina, viewed on Dec. 15, 2008).
=506  \\$aAccess restricted to subscribing institutions.
=530  \\$aAlso available in a print ed. and on CD-ROM.
=546  \\$aEnglish and French.
=650  \0$aArt$xHistory$vBibliography.
=650  \0$aArt$vBibliography.
=650  \0$aArt$vAbstracts$vDatabases.
=650  \0$aArt$vIndexes.
=650  \0$aArt$xPeriodicals$vBibliography.
=650  \0$aArt$xPeriodicals$xAbstracts$vDatabases.
=650  \0$aArt$xPeriodicals$vIndexes.
=710  2\$aGetty Information Institute.
=710  2\$aInstitut de l'information scientifique et technique (France)
=730  02$aRépertoire d'art et d'archéologie.
=730  02$aInternational repertory of the literature of art.
=776  1\$tBibliography of the history of art$x1150-1588
=776  1\$tBibliography of the history of art (CD-ROM)$x1085-5092
=856  40$uhttp://www-uk1.csa.com/$zFor subscribers only, requires user name and password; BL Reading Room access
=886  2\$2ukmarc$a910$b20$aRLG$xSee$aResearch Libraries Group$z710
=856  4\$uhttp://libraries.mit.edu/get/bibl-hist-art
=852  41$aBritish Library$bHMNTS
=CAT  \\$aCONV$b00$c20040425$lBLL90$h0531
=CAT  \\$aCONV$b00$c20040502$lBLL01$h1207
=CAT  \\$a3072$b40$c20071010$lBLL01$h1703
=CAT  \\$a3072$b40$c20071010$lBLL01$h1704
=CAT  \\$a3072$b40$c20071207$lBLL01$h1618
=CAT  \\$a3072$b40$c20081211$lBLL01$h1719
=CAT  \\$a3072$b40$c20081211$lBLL01$h1720
=CAT  \\$a3072$b40$c20081215$lBLL01$h1448
=CAT  \\$aBATCH-UPD$b40$c20131021$lBLL01$h1141
=CAT  \\$aWR14_140$c20140905$lBLL01$h1710
=FIN  \\$aY
=LEO  \\$aMP5.0000025733
=LKR  \\$aPAR$b008878169$lBLL01$r776$mBibliography of the history of art (Online)$nBHA. Bibliography of the history of art (Print)
=SID  \\$aZ39$bOCLC
=SRC  \\$aBNB03$bbibmp5.200404.2.aa
=STA  \\$aSUPPRESSED$bDatabase
=TCO  \\$aTRS$bCCC$c008
=LAS  \\$aWR14_140$b00$c20140905$lBLL01$h1710

