=LDR  01995 as a2200457 i 4500
=001  016773508
=003  Uk
=005  20140708111909.0
=006  m\\\\\|\\d\|\\\\\\
=007  cr||||||||||||
=008  140708c20119999enk\x\\\o\\\\o0\\\a0eng\\
=FMT  \\$a  SE
=040  \\$aUk$beng$cUk$erda
=042  \\$aukblsr
=082  04$a344.42046$223
=245  00$aEnforcement undertakings accepted by the Environment Agency.
=246  1\$iExcel spreadsheet title:$aDetails of enforcement undertakings accepted by the Environment Agency
=264  \1$a[Rotherham] :$b[Environment Agency],$c2011-
=310  \\$aIrregular
=336  \\$atext$2rdacontent
=337  \\$acomputer$2rdamedia
=338  \\$aonline resource$2rdacarrier
=588  \\$aDescription based on: July 2011 issue; title from Web link title (National Archive snapshot taken on 07/09/2011).
=588  \\$aLatest issue consulted: 1 February 2014/28 May 2014 (GOV.UK, viewed July 8, 2014).
=650  \0$aOffenses against the environment$zEngland$vPeriodicals.
=650  \0$aOffenses against the environment$zWales$vPeriodicals.
=650  \0$aIndustries$xEnvironmental aspects$zEngland$vPeriodicals.
=650  \0$aIndustries$xEnvironmental aspects$zWales$vPeriodicals.
=650  \0$aEnvironmental law$zEngland$vPeriodicals.
=650  \0$aEnvironmental law$zWales$vPeriodicals.
=710  1\$aGreat Britain.$bEnvironment Agency.
=856  4\$uhttp://webarchive.nationalarchives.gov.uk/$zTo search
=856  4\$uhttps://www.gov.uk/government/publications/enforcement-undertakings-accepted-by-the-environment-agency
=852  41$aBritish Library$bHMNTS
=CAT  \\$a11316$b40$c20140708$lBLL01$h1118
=CAT  \\$a11316$b40$c20140708$lBLL01$h1119
=CAT  \\$aW1711-1225$c20171203$lBLL01$h1056
=FIN  \\$aY$d20140708
=LET  \0$aEnforcement undertakings accepted by the Environment Agency (Electronic)
=STA  \\$aSUPPRESSED$bunable to determine reason for suppression
=LAS  \\$aW1711-1225$b00$c20171203$lBLL01$h1056

