=LDR  02430 ai a2200589 a 4500
=001  016232998
=003  Uk
=005  20130516143430.0
=006  m\\\\\o\\|\\\\\\\\
=007  cr\|||||||||||
=008  090209c200u9999xx\dr\d\o\\\\\0\\\\2eng\d
=FMT  \\$a  SE
=035  \\$a(OCoLC)302277529$z(OCoLC)773344213
=040  \\$aWCL$beng$cWCL$dCGU$dQCL$dOCLCQ$dUk
=041  1\$aeng$achi$hchi
=042  \\$aukblsr
=043  \\$aa-cc---
=082  04$a348.51$223
=245  00$aWestlaw China$h[electronic resource].
=260  \\$a[Beijing] :$bThomson Reuters
=260  2\$3<Feb. 6, 2009-> :$a[Eagan, MN] :$bThomson/West
=260  3\$3<Feb 27, 2012>$a[S.l.] :$bThomson Reuters
=310  \\$aUpdated daily
=336  \\$atext$2rdacontent
=337  \\$acomputer$2rdamedia
=338  \\$aonline resource$2rdacarrier
=506  \\$aAccess limited to subscribing institutions.
=520  \\$aFull text legal database for the People's Republic of China. Contains comprehensive laws and regulations, cases from the Supreme Court and provincial, local, and special courts, and select model contracts and legal journals.
=538  \\$aMode of access: World Wide Web.
=546  \\$aAvailable in English translation and original Chinese. Contains bilingual screens where high-quality translations appear side-by-side with the original Chinese text.
=588  \\$aDescription based on online resource; title from home page (publisher's Web site, viewed Dec. 19, 2012).
=650  \0$aLaw$zChina$vDatabases.
=650  \0$aLaw reports, digests, etc.$zChina$vDatabases.
=650  \0$aLaw$zChina$vCases$vDatabases.
=710  2\$aWest (Firm)
=780  05$tiSinoLaw
=856  40$uhttp://www.bl.uk/cgi-bin/eresources.pl?http://www.westlawchina.com/
=856  40$uhttp://www.westlawchina.com/index_en.html$zFor subscribers only
=852  41$aBritish Library$bHMNTS
=CAT  \\$a10902$b40$c20121218$lBLL01$h1614
=CAT  \\$a3072$b40$c20121219$lBLL01$h1215
=CAT  \\$a3072$b40$c20121219$lBLL01$h1216
=CAT  \\$a3072$b40$c20121219$lBLL01$h1217
=CAT  \\$a3072$b40$c20121219$lBLL01$h1218
=CAT  \\$a3072$b40$c20121219$lBLL01$h1322
=CAT  \\$a3072$b40$c20121219$lBLL01$h1536
=CAT  \\$a11279$b40$c20130516$lBLL01$h1434
=CAT  \\$aBATCH-UPD$b40$c20131021$lBLL01$h1142
=FIN  \\$aY$d20121219
=SID  \\$aZ39$bOCLC
=STA  \\$aSUPPRESSED$bDatabase
=LAS  \\$aBATCH-UPD$b40$c20131021$lBLL01$h1142

