=LDR  02331 as a2200541 a 4500
=001  012455187
=003  Uk
=005  20140213151121.0
=006  m\\\\\\\\d\|\\\\\\
=007  cr||||||||||||
=008  030828c199u9999xxuuu\d\si\\\\0\\\a0eng\\
=019  1\$abld00L2406
=040  \\$aUk$cUk$dUk
=245  00$aIndex of Christian art$h[electronic resource].
=246  1\$iAlso known as:$aIndex of Christian art online
=260  \\$aPrinceton, N.J. :$bIndex of Christian Art, Princeton University
=336  \\$atext$2rdacontent
=337  \\$acomputer$2rdamedia
=338  \\$aonline resource$2rdacarrier
=500  \\$aTitle from home page (viewed on 1 May 2003).
=520  \\$aIndex of works from apostolic times to AD 1400. The database contains some of the backfiles and all works electronically indexed since 1991. As yet it contains a fraction of the holdings in the Index but as works from the backfiles are electronically indexed they will become available.
=530  \\$aFull Index available in print format at Princeton, Dumbarton Oaks (Washington D.C.), The Getty Centre (Los Angeles), Utrect University and the Bibliotheca Apostolica Vaticana.
=538  \\$aMode of access: World Wide Web.
=650  \0$aArt, Early Christian$vIndexes$vPeriodicals.
=650  \0$aArt, Medieval$vIndexes$vPeriodicals.
=650  \0$aChristian art and symbolism$yMedieval, 500-1500$vIndexes$vPeriodicals.
=710  2\$aPrinceton University.$bDepartment of Art and Archaeology.$bIndex of Christian Art.
=852  41$aBritish Library$bHMNTS
=856  40$uhttp://ica.princeton.edu
=957  \\$a030501p
=985  \\$aRecord amended for WR# 13/070
=985  \\$aRecord merged by DQ team
=CAT  \\$aCONV$b00$c20040425$lBLL90$h0720
=CAT  \\$aCONV$b00$c20040502$lBLL01$h1509
=CAT  \\$a6550$b40$c20051221$lBLL01$h1427
=CAT  \\$aWR13_070$b00$c20130504$lBLL01$h0229
=CAT  \\$aWR13_070C$c20130611$lBLL01$h1851
=CAT  \\$aBATCH-UPD$b00$c20131021$lBLL01$h1141
=CAT  \\$a3072$b40$c20140213$lBLL01$h1510
=CAT  \\$a3072$b40$c20140213$lBLL01$h1511
=FIN  \\$aY
=FMT  \\$a  SE
=LAS  \\$a3072$b40$c20140213$lBLL01$h1511
=LEO  \\$aMP13.0000122936
=SRC  \\$aDSS02$bbibh.200404.2.aa
=SRC  \\$aHSS01$bbibmp13.200404.2.aa
=STA  \\$aSUPPRESSED$bDatabase
=TCO  \\$aTRS$bCCC$c008

