=LDR  03236 ai a2200625 a 4500
=001  012975723
=003  Uk
=005  20120316123547.0
=006  m\\\\\\\\d\|\\\\\\
=007  cr||||||||||||
=008  040824c199u9999xxumr\d\saai\\0\\\a2eng\\
=FMT  \\$a  SE
=040  \\$aUk$beng$cUk$dUk
=042  \\$aukblsr
=082  04$a570$222
=245  00$aBiological sciences$h[electronic resource].
=260  \\$aBethesda, Md. ;$aOxford :$bCSA
=310  \\$aUpdated monthly
=336  \\$atext$2rdacontent
=337  \\$acomputer$2rdamedia
=338  \\$aonline resource$2rdacarrier
=538  \\$aMode of access: World Wide Web.
=520  \\$aIndexes and abstracts of journal articles, books, conferences and patents in life science disciplines such as genetics, microbiology and ecology from 1980. "Cluster" search facility, allowing combined access to the following sources: ASFA 1: Biological sciences and living resources; ASFA aquaculture abstracts; ASFA marine biotechnology abstracts; Agricultural and environmental biotechnology abstracts; Algology mycology and protozoology abstracts (Microbiology C); Animal behavior abstracts; Bacteriology abstracts (Microbiology B); BioEngineering abstracts; CSA Neurosciences abstracts; Calcium and calcified tissue abstracts; Chemoreception abstracts; Ecology abstracts; Entomology abstracts; Genetics abstracts; Health and safety science abstracts; Human genome abstracts; Immunology abstracts; Industrial and applied microbiology abstracts (Microbiology A); Medical and pharmaceutical biotechnology abstracts; Nucleic acids abstracts; Oncogenes and growth factors abstracts; Toxicology abstracts; Virology and AIDS abstracts.
=500  \\$aTitle from database selection screen (CSA Illumina, viewed on 6 July 2005).
=580  \\$aTo Jan. 2005 also available via Ovid Technologies as: Life sciences collection (Online)
=650  \0$aLife sciences$vAbstracts.
=650  \0$aLife sciences$vIndexes.
=650  \0$aBiology$vAbstracts.
=650  \0$aBiology$vIndexes.
=650  \0$aMedical sciences$vAbstracts$vIndexes.
=650  \0$aMedical sciences$vIndexes.
=650  \0$aBiotechnology$vAbstracts.
=650  \0$aBiotechnology$vIndexes.
=710  2\$aCambridge Scientific Abstracts, Inc.
=787  1\$tLife sciences collection (Online)
=856  40$uhttp://www.uk1.csa.com
=852  41$aBritish Library$bSTI
=CAT  \\$a8180$b40$c20040824$lBLL01$h1622
=CAT  \\$a3072$b40$c20050706$lBLL01$h1147
=CAT  \\$a3072$b40$c20050706$lBLL01$h1217
=CAT  \\$a3072$b40$c20050706$lBLL01$h1423
=CAT  \\$a3072$b40$c20050706$lBLL01$h1446
=CAT  \\$a3072$b40$c20050714$lBLL01$h1350
=CAT  \\$a3072$b40$c20050825$lBLL01$h1017
=CAT  \\$a3072$b40$c20060906$lBLL01$h1526
=CAT  \\$a3072$b40$c20060908$lBLL01$h1149
=CAT  \\$a3072$b40$c20060908$lBLL01$h1150
=CAT  \\$a11306$b40$c20061010$lBLL01$h0847
=CAT  \\$a3072$b40$c20120316$lBLL01$h1235
=CAT  \\$aBATCH-UPD$b40$c20131021$lBLL01$h1141
=FIN  \\$aY$d20050825
=LKR  \\$aPAR$b007199566$lBLL01$nLIFE SCIENCES COLLECTION - ONLINE$mBiological sciences$r78010
=STA  \\$aSUPPRESSED$bDatabase
=TCO  \\$aTRS$bCCC$c008
=LAS  \\$aBATCH-UPD$b40$c20131021$lBLL01$h1141

