=LDR  01458 am a2200409 a 4500
=001  012990927
=003  Uk
=005  20060119134605.0
=006  m\\\\|\\\d\|\\\\\\
=007  cr|||\|||a||||
=008  040914s2004\\\\enk||||\s||||o00|\0\eng\\
=FMT  \\$a  BK
=015  \\$aGBA505702$2bnb
=040  \\$aUk$beng$cUk
=042  \\$aukblsr
=082  04$a338.6420941$222
=245  00$aPathfinder enterprise capital funds$h[electronic resource] :$bdraft guidance for applicants.
=260  \\$a[London] :$bSmall Business Service,$c2004.
=336  \\$atext$2rdacontent
=337  \\$acomputer$2rdamedia
=338  \\$aonline resource$2rdacarrier
=538  \\$aMode of access: World Wide Web.
=538  \\$aSystem requirements: IBM compatible PC; Windows; Adobe Acrobat Reader.
=500  \\$aTitle from PDF title page.
=516  \\$aPDF format.
=650  \0$aGovernment aid to small business$zGreat Britain.
=650  \0$aVenture capital$zGreat Britain.
=710  1\$aGreat Britain.$bSmall Business Service.
=856  40$uhttp://www.sbs.gov.uk/content/financegap/ecf-dbidguide.pdf
=852  41$aBritish Library$bHMNTS
=CAT  \\$a10902$b40$c20040914$lBLL01$h1616
=CAT  \\$a8141$b40$c20050121$lBLL01$h0952
=CAT  \\$a11281$b40$c20060119$lBLL01$h1346
=CAT  \\$aW1711-1225$c20171203$lBLL01$h1020
=FIN  \\$aY$d2005-01-21
=STA  \\$aSUPPRESSED$bunable to determine reason for suppression
=LAS  \\$aW1711-1225$b00$c20171203$lBLL01$h1020

