=LDR  02793aas a2200601 a 4500
=001  013068534
=003  Uk
=005  20090216170310.0
=006  m\\\\\\\\d\|\\\\\\
=007  cr||||||||||||
=008  041221c20029999enkfr\p\s\\\\o0\\\a0eng\\
=FMT  \\$a  SE
=015  \\$aGBA916436$2bnb
=022  0\$a1746-0999$202
=040  \\$aUk$beng$cUk
=042  \\$aissnuk$aukblsr
=082  04$a158.708705$222
=130  0\$aJournal of occupational psychology, employment and disability (Online)
=222  \0$aJournal of occupational psychology, employment and disability$b(Online)
=245  10$aJournal of occupational psychology, employment and disability$h[electronic resource].
=260  \\$aSheffield :$bPsychology Division, Department for Work and Pensions,$c2002-
=310  \\$aTwo issues yearly
=336  \\$atext$2rdacontent
=337  \\$acomputer$2rdamedia
=338  \\$aonline resource$2rdacarrier
=362  0\$aVol. 5, no. 1 (winter 2002)-
=580  \\$aWeb site also provides access to earlier title: Journal of the application of occupational psychology to employment and disability (Online), now reformatted under the later title.
=580  \\$aTo 2008 also issued in print format; from 2009 issued online only.
=500  \\$aDescription based on print version record.
=500  \\$aLatest issue consulted: v. 10, no. 2 (autumn 2008).
=650  \0$aPeople with disabilities$xEmployment$vPeriodicals.
=650  \0$aPsychology, Industrial$vPeriodicals.
=776  1\$tJournal of occupational psychology, employment and disability$x1740-4193
=780  10$tJournal of occupational psychology, employment and disability$x1740-4193
=780  10$tJournal of the application of occupational psychology to employment and disability (Online)
=710  1\$aGreat Britain.$bDepartment for Work and Pensions.$bPsychology Division.
=856  40$uhttp://www.ingentaconnect.com/content/dwp/joped
=852  41$aBritish Library$bHMNTS
=985  \\$aRecord amended for WR# 13/070
=CAT  \\$a11316$b40$c20041221$lBLL01$h1359
=CAT  \\$a6537$b40$c20060517$lBLL01$h1242
=CAT  \\$aISSN$b40$c20080315$lBLL01$h0937
=CAT  \\$a8874$b40$c20090205$lBLL01$h1316
=CAT  \\$a3072$b40$c20090216$lBLL01$h1656
=CAT  \\$a3072$b40$c20090216$lBLL01$h1703
=CAT  \\$aWR13_070$b00$c20130504$lBLL01$h0236
=CAT  \\$aWR14_140$c20140905$lBLL01$h1806
=CAT  \\$aW1711-1225$c20171203$lBLL01$h1021
=FIN  \\$aY$d20060517
=LKR  \\$aPAR$b009920758$lBLL01$r78010$mJournal of occupational psychology, employment and disability (Online)$nJournal of occupational psychology, employment and disability (Print)
=STA  \\$aSUPPRESSED$bunable to determine reason for suppression
=TCO  \\$aCLA$bCLA$c008
=LAS  \\$aW1711-1225$b00$c20171203$lBLL01$h1021

