=LDR  01957 ai a2200505 a 4500
=001  013183620
=003  Uk
=005  20081204145743.0
=006  m\\\\\\\\d\|\\\\\\
=007  cr||||||||||||
=008  050425c199u9999nz\dr\d\sia\\\0\\\a2eng\\
=FMT  \\$a  SE
=040  \\$aUk$beng$cUk$dUk
=042  \\$aukblsr
=082  04$a015.93034$222
=130  0\$aIndex New Zealand (Online)
=245  10$aIndex New Zealand$h[electronic resource].
=246  1\$iAlso known as:$aINNZ
=260  \\$a[Wellington] :$bNational Library of New Zealand
=310  \\$aUpdated daily
=336  \\$atext$2rdacontent
=337  \\$acomputer$2rdamedia
=338  \\$aonline resource$2rdacarrier
=538  \\$aMode of access: World Wide Web.
=520  \\$aIndexes selected New Zealand serial publications, including newspapers and nearly 300 journals about New Zealand and the South Pacific. Comprehensive coverage of titles extends from 1987 onwards, but many New Zealand titles have also been retrospectively indexed.
=500  \\$aTitle from title screen (viewed on 23rd Feb. 2006).
=651  \0$aNew Zealand$vIndexes.
=651  \0$aNew Zealand$xPeriodicals$vIndexes.
=710  2\$aNational Library of New Zealand.
=787  0\$tIndex New Zealand
=856  40$uhttp://innz.natlib.govt.nz/content/index.html
=852  41$aBritish Library$bHMNTS
=CAT  \\$a6946$b40$c20050425$lBLL01$h1613
=CAT  \\$a6946$b40$c20050425$lBLL01$h1644
=CAT  \\$a6946$b40$c20050425$lBLL01$h1652
=CAT  \\$a3072$b40$c20060223$lBLL01$h1210
=CAT  \\$a3072$b40$c20060223$lBLL01$h1311
=CAT  \\$a3072$b40$c20060224$lBLL01$h0947
=CAT  \\$a3072$b40$c20081204$lBLL01$h1457
=CAT  \\$aBATCH-UPD$b40$c20131021$lBLL01$h1141
=FIN  \\$aY$d20060223
=LKR  \\$aPAR$b009847903$lBLL01$r776$mIndex New Zealand (Online)$nINDEX NEW ZEALAND (Print)
=STA  \\$aSUPPRESSED$bDatabase
=TCO  \\$aNZL$bCLL$c008
=LAS  \\$aBATCH-UPD$b40$c20131021$lBLL01$h1141

