=LDR  02154 ai a2200529 a 4500
=001  013184065
=003  Uk
=005  20120316114538.0
=006  m\\\\\\\\d\|\\\\\\
=007  cr||||||||||||
=008  040409c199u9999xxuuu\d\s\\\\\0\\\a2eng\\
=FMT  \\$a  SE
=015  \\$aGBA626209$2bnb
=040  \\$aUk$beng$cUk$dUk
=042  \\$aukblsr
=082  04$a910$222
=130  0\$aGeobase (Online)
=245  10$aGeobase$h[electronic resource].
=260  \\$a[New York, N.Y. ;$aLondon (Merlin House, 20 Belmont Terrace, Chiswick, W4 5UG) :$bOvid Technologies]
=336  \\$atext$2rdacontent
=337  \\$acomputer$2rdamedia
=338  \\$aonline resource$2rdacarrier
=538  \\$aMode of access: World Wide Web.
=550  \\$aDatabase produced in association with Elsevier B.V. and Geo Abstracts.
=520  \\$aMultidisciplinary database containing bibliographic information and abstracts in the fields of development studies, the earth sciences, ecology, geomechanics, human geography, and oceanography. The database provides current coverage of over 1,800 journals and archive coverage of several thousand additional titles, from 1980.
=500  \\$aTitle from database selection screen (viewed on 22nd Feb. 2006).
=650  \0$aGeography$xPeriodicals$vIndexes.
=650  \0$aGeology$xPeriodicals$vIndexes.
=650  \0$aEcology$xPeriodicals$vIndexes.
=650  \0$aGeology$xPeriodicals$vAbstracts.
=650  \0$aEcology$vPeriodicals$vAbstracts.
=650  \0$aGeography$vPeriodicals$vAbstracts.
=710  2\$aGeo Abstracts, Ltd.
=787  0\$tGeobase (CD-ROM)
=856  40$uhttp://web5.silverplatter.com/webspirs/start.ws
=852  41$aBritish Library$bSTI
=CAT  \\$a6946$b40$c20050426$lBLL01$h1156
=CAT  \\$a6946$b40$c20050426$lBLL01$h1157
=CAT  \\$a3072$b40$c20060222$lBLL01$h1735
=CAT  \\$a3072$b40$c20060223$lBLL01$h1005
=CAT  \\$a3072$b40$c20060223$lBLL01$h1014
=CAT  \\$a3072$b40$c20120316$lBLL01$h1145
=CAT  \\$aBATCH-UPD$b40$c20131021$lBLL01$h1141
=FIN  \\$aY$d20060223
=STA  \\$aSUPPRESSED$bDatabase
=TCO  \\$aTRS$bCCC$c008
=LAS  \\$aBATCH-UPD$b40$c20131021$lBLL01$h1141

