=LDR  01685 am a2200457 a 4500
=001  013439679
=003  Uk
=005  20060504122943.0
=006  m\\\\|\\\d\|\\\\\\
=007  cr||||||||||||
=008  060330s2004\\\\enk\\\\\s\\\\o000\0\eng\\
=FMT  \\$a  BK
=020  \\$cNo price
=040  \\$aUk$beng$cUk
=042  \\$aukblsr
=082  04$a621.483$222
=245  00$aDeveloping nuclear safety assessment processes for KNPP to match changes in the regulatory regime$h[electronic resource] :$bnuclear safety programme.
=260  \\$a[London] :$bDTI,$c[2004].
=336  \\$atext$2rdacontent
=337  \\$acomputer$2rdamedia
=338  \\$aonline resource$2rdacarrier
=538  \\$aMode of access: World Wide Web.
=538  \\$aSystem requirements: Adobe Acrobat Reader.
=500  \\$aTitle from PDF title page (viewed on 4 May, 2006)
=516  \\$aPDF format.
=500  \\$aPublisher's no.: URN 04/2193.
=610  20$aKozloduy Nuclear Power Plant.
=650  \0$aNuclear power plants$xSafety measures$zBulgaria.
=710  1\$aGreat Britain.$bDepartment of Trade and Industry.
=856  40$uhttp://www.dti.gov.uk/energy/nuclear/fsu/pdfs/nsp03_b3.pdf
=852  41$aBritish Library$bHMNTS
=985  \\$aRecord amended for WR# 13/070
=CAT  \\$a7750$b40$c20060330$lBLL01$h1155
=CAT  \\$a7750$b40$c20060330$lBLL01$h1156
=CAT  \\$a11281$b40$c20060504$lBLL01$h1229
=CAT  \\$aBATCH-UPD$b40$c20070723$lBLL01$h1614
=CAT  \\$aWR13_070$b00$c20130504$lBLL01$h0244
=CAT  \\$aW1711-1225$c20171203$lBLL01$h1023
=FIN  \\$aY$d20060504
=STA  \\$aSUPPRESSED$bunable to determine reason for suppression
=LAS  \\$aW1711-1225$b00$c20171203$lBLL01$h1023

