=LDR  02160 as a22005533  4500
=001  013568822
=003  Uk
=005  20061010174303.0
=006  m\\\\\\\\d\|\\\\\\
=007  cr||||||||||||
=008  061004c200u9999\\\uu\d\s\\\\\1\\\a0eng\\
=FMT  \\$a  SE
=040  \\$aUk$beng$cUk
=245  00$aIEEE Xplore.$pConference proceedings. IEE titles$h[electronic resource].
=246  13$aIET proceedings
=246  30$aIET titles
=246  13$aIEE proceedings
=246  30$aIEE titles
=246  13$aConference proceedings.$pIET titles
=246  30$aConference proceedings.$pIEE titles
=246  13$aIEEE Explore.$pConference proceedings. IEE titles
=336  \\$atext$2rdacontent
=337  \\$acomputer$2rdamedia
=338  \\$aonline resource$2rdacarrier
=538  \\$aMode of access: World Wide Web.
=516  \\$aIn HTML and PDF format.
=500  \\$aIncluded in IEEE Xplore (catalogued separately)
=500  \\$aConsists of IEE conference proceedings (and from spring 2006 IET conference proceedings, following the merger of: IEE and IIE)
=500  \\$aTitle from "conference proceedings" browse screen (viewed on 6th Oct. 2006)
=710  2\$aIEEE Xplore (Online service)
=710  2\$aInstitution of Electrical Engineers.
=710  2\$aInstitution of Engineering and Technology.
=710  2\$aInstitution of Incorporated Engineers.
=856  40$uhttp://ieeexplore.ieee.org/Xplore/dynhome.jsp
=852  41$aBritish Library$bDSC
=985  \\$aRecord created for DSC to record copyright fees from IEEE Xplore for IET
=CAT  \\$a3072$b40$c20061004$lBLL01$h1344
=CAT  \\$a3072$b40$c20061004$lBLL01$h1353
=CAT  \\$a3072$b40$c20061006$lBLL01$h1527
=CAT  \\$a3072$b40$c20061006$lBLL01$h1545
=CAT  \\$a3072$b40$c20061009$lBLL01$h1119
=CAT  \\$a3072$b40$c20061009$lBLL01$h1143
=CAT  \\$a3072$b40$c20061009$lBLL01$h1153
=CAT  \\$a3072$b40$c20061009$lBLL01$h1221
=CAT  \\$a3072$b40$c20061010$lBLL01$h1743
=CAT  \\$aW1711-1225$c20171203$lBLL01$h1025
=STA  \\$aSUPPRESSED$bunable to determine reason for suppression
=TCO  \\$aZZZ$c008
=LAS  \\$aW1711-1225$b00$c20171203$lBLL01$h1025

