=LDR  02002 ai a2200625 a 4500
=001  007691502
=003  Uk
=005  20120316130523.0
=006  m\\\\\\\\d\|\\\\\\
=007  cr||||||||||||
=008  031106c199u9999enk\x\d\o\i\\\0\\\a2eng\\
=FMT  \\$a  SE
=015  \\$aGBA379501$2bnb
=019  y\$abA379501
=019  9\$abA379501
=039  0\$a2767
=040  \\$aUk$cUk$dUk
=041  0\$aeng$bmul
=082  04$a630.5$221
=130  0\$aAGRIS (Online)
=245  10$aAGRIS$h[electronic resource].
=260  \\$a[New York ;$aLondon] :$bOvid Technologies
=336  \\$atext$2rdacontent
=337  \\$acomputer$2rdamedia
=338  \\$aonline resource$2rdacarrier
=500  \\$aTitle from database selection screen viewed on 3 June 2003).
=520  \\$aAn international multilingual database covering all aspects of agriculture. Coverage: 1975-
=530  \\$aAlso available in CD-ROM format.
=538  \\$aMode of access: World Wide Web.
=650  \0$aAgriculture$vIndexes.
=650  \0$aFood$vIndexes.
=650  \0$aAgricultural innovations$vIndexes.
=710  2\$aAGRIS.
=856  40$uhttp://web5.silverplatter.com.webspirs/start
=852  41$aBritish Library$bSTI
=957  \\$a030603p
=985  \\$aRecord merged by DQ team
=CAT  \\$aCONV$b00$c20040425$lBLL90$h0531
=CAT  \\$aCONV$b00$c20040502$lBLL01$h1229
=CAT  \\$a6550$b40$c20051115$lBLL01$h1444
=CAT  \\$a3072$b40$c20120315$lBLL01$h1609
=CAT  \\$a3072$b40$c20120315$lBLL01$h1627
=CAT  \\$a3072$b40$c20120316$lBLL01$h0948
=CAT  \\$a3072$b40$c20120316$lBLL01$h1305
=CAT  \\$aBATCH-UPD$b40$c20131021$lBLL01$h1141
=CAT  \\$aWR14_140$c20140905$lBLL01$h1721
=FIN  \\$aY
=LEO  \\$aMP5.0000027333
=LEO  \\$aMP25.0000364208
=SRC  \\$aBNB03$bbibmp5.200404.2.aa
=SRC  \\$aDSS03$bbibsr.200404.2.aa
=SRC  \\$aSRI01$bbibmp25.200404.2.aa
=STA  \\$aSUPPRESSED$bDatabase
=TCO  \\$aCLA$bCLA$c008
=LAS  \\$aWR14_140$b00$c20140905$lBLL01$h1721

