=LDR  02383 ai a2200649 a 4500
=001  007032972
=003  Uk
=005  20120316124134.0
=006  m\\\\\\\\d\|\\\\\\
=007  cr||||||||||||
=008  031107c199u9999enk||\d\s\ai\\0\\\a2eng\\
=FMT  \\$a  SE
=015  \\$aGBA344894$2bnb
=019  y\$abA344894
=019  9\$abA344894
=019  0\$as695032003
=039  0\$a2767
=040  \\$aUk$cUk$dUk
=082  04$a505$221
=130  0\$aNTIS (Online)
=245  10$aNTIS$h[electronic resource].
=260  \\$a[New York, N.Y. ;$aLondon (Merlin House, 20 Belmont Terrace, Chiswick, W4 5UG) :$bOvid Technologies]
=336  \\$atext$2rdacontent
=337  \\$acomputer$2rdamedia
=338  \\$aonline resource$2rdacarrier
=500  \\$aTitle from database selection screen (viewed on 18 June 2003).
=520  \\$aBibliographic database of research sponsored by the United States and selected foreign governments. Most records contain abstracts.
=530  \\$aAlso available in CD-ROM format as: United States. National Technical Information Service. NTIS bibliographic database.
=538  \\$aMode of access: World Wide Web.
=650  \0$aScience$vIndexes.
=650  \0$aScience$vAbstracts.
=650  \0$aTechnology$vAbstracts.
=650  \0$aTechnology$vIndexes.
=710  2\$aOvid Technologies, Inc.
=710  1\$aUnited States.$bNational Technical Information Service.
=710  1\$aUnited States.$bNational Technical Information Service.$tNTIS bibliographic database.
=856  40$uhttp://web5silverplatter.com/webspirs/start.ws
=852  41$aBritish Library$bSTI
=985  \\$aRecord merged by DQ team
=CAT  \\$aCONV$b00$c20040425$lBLL90$h0531
=CAT  \\$aCONV$b00$c20040502$lBLL01$h1207
=CAT  \\$a6550$b40$c20051222$lBLL01$h1149
=CAT  \\$a8874$b40$c20060208$lBLL01$h1019
=CAT  \\$a8874$b40$c20060208$lBLL01$h1145
=CAT  \\$a3072$b40$c20120316$lBLL01$h1240
=CAT  \\$a3072$b40$c20120316$lBLL01$h1241
=CAT  \\$aBATCH-UPD$b40$c20131021$lBLL01$h1141
=CAT  \\$aWR14_140$c20140905$lBLL01$h1710
=FIN  \\$aY
=LEO  \\$aMP5.0000022964
=LEO  \\$aMP25.0000371632
=SRC  \\$aDSS03$bbibsr.200404.2.aa
=SRC  \\$aBNB03$bbibmp5.200404.2.aa
=SRC  \\$aSRI01$bbibmp25.200404.2.aa
=STA  \\$aSUPPRESSED$bDatabase
=TCO  \\$aCLA$bCLA$c008
=LAS  \\$aWR14_140$b00$c20140905$lBLL01$h1710

