=LDR  02642cai a2200457 i 4500
=001  019753184
=003  Uk
=005  20221221125700.0
=006  m\\\\\|\\d\|\\\\\\
=007  cr\|||||||||||
=008  200320c20209999enkux\d\o\\\\\0\\\a2eng\\
=FMT  \\$a  SE
=015  \\$aGBC086070$2bnb
=040  \\$aUk$beng$cUk$erda
=042  \\$aukblsr
=082  04$a941.084$223
=245  00$aWar, state and society.
=264  \1$a[Abingdon] :$bRoutledge, Taylor & Francis Group
=336  \\$atext$2rdacontent
=336  \\$astill image$2rdacontent
=337  \\$acomputer$2rdamedia
=338  \\$aonline resource$2rdacarrier
=520  \\$a"Provides access to thousands of documents from the collections of eleven U.K. government departments, each responsible for dealing with and reporting on the domestic situation in Britain during the Second World War and its aftermath. Sourced from The National Archives (U.K.) and the History of Advertising Trust, its files provide a uniquely comprehensive insight into the social, economic, political, and cultural affairs of wartime Britain, and a valuable snapshot of day to day life in every corner of the country and beyond. This new digital collection allows students and researchers to examine multiple themes and topics from this pivotal moment of social history, and to interrogate the wider impact of modern warfare on civilian populations. It provides access to a wide range of documents, from social surveys and statistical analyses to food offences trials, propaganda film scripts and wartime advertising, as well as a diverse array of voices: from the very top of government to the narratives and testimonies of ordinary citizens".
=588  \\$aDescription based on home page, viewed July 15, 2020.
=650  \0$aWorld War, 1939-1945$zGreat Britain$vDatabases.
=650  \0$aWorld War, 1939-1945$zGreat Britain$vSources$vDatabases.
=650  \0$aWorld War, 1939-1945$xSocial aspects$zGreat Britain$vDatabases.
=650  \0$aCivilians in war$zGreat Britain$vDatabases.
=650  \0$aGovernment publications$zGreat Britain$vArchives$vDatabases.
=710  2\$aNational Archives (Great Britain)
=710  2\$aHistory of Advertising Trust.
=856  40$uhttp://www.warstateandsociety.com/Resources/Contact-Us
=852  41$aBritish Library$bHMNTS
=CAT  \\$a10902$b40$c20200320$lBLL01$h1436
=CAT  \\$a3072$b40$c20200715$lBLL01$h1737
=CAT  \\$a3072$b40$c20200716$lBLL01$h1213
=CAT  \\$a3072$b40$c20200716$lBLL01$h1215
=CAT  \\$a3072$b40$c20221221$lBLL01$h1257
=FIN  \\$aY$d20200716
=STA  \\$aSUPPRESSED$bDatabase
=LAS  \\$a3072$b40$c20221221$lBLL01$h1257

