=LDR  03349cai a2200637 i 4500
=001  019197426
=003  Uk
=005  20220221181625.0
=006  m\\\\\o\\d\\\\\\\\
=007  cr\|||||||||||
=008  010509c19839999nyu\x\d\o\\\\\0\\\a2eng\d
=FMT  \\$a  SE
=035  \\$a(OCoLC)46912081$z(OCoLC)77911660$z(OCoLC)81550409$z(OCoLC)150578617
=040  \\$aTPN$beng$cTPN$dOCL$dOCLCQ$dYLS$dOCLCQ$dNOC$dDRB$dSYB$dUMC$dOCLCQ$dOCLCF$dOCLCO$dOCLCQ$dTXI$dOCLCA$dCUS$dUk
=050  \4$aHG4538
=050  14$aHF1$b.B88
=245  00$aCountry commerce.
=246  1\$iAlso known as:$aEIU country commerce
=246  1\$iResource gives access to:$aCountry Commerce Regional - Western Europe
=247  00$aInvesting, licensing and trading conditions abroad. <1997-1999>
=247  00$aInvesting, licensing, and trading in ... <1993-1996>
=264  \1$aNew York, NY :$bEconomist Intelligence Unit,$c1993-
=300  \\$a1 online resource
=310  \\$aIrregular
=336  \\$atext$2rdacontent
=337  \\$acomputer$2rdamedia
=338  \\$aonline resource$2rdacarrier
=362  1\$aPrint began in 1983.
=520  \\$aA practical reference guide to the specific operating conditions, commercial laws and business regulations in 56 countries. For each country, the service offers unbiased guidance on critical issues such as obtaining proper permits and registrations, protecting your intellectual property and complying with local tax laws.
=580  \\$aCountry reports were continued as separate publications in 1993.
=588  1\$aContents viewed on June 7, 2020; title from HTML header
=650  \0$aInvestments, Foreign$xFinance$vDatabases.
=650  \0$aForeign licensing agreements$vDatabases.
=650  \0$aInternational business enterprises$xFinance$vDatabases.
=650  \0$aElectronic commerce$vDatabases.
=650  \7$aElectronic commerce.$2fast$0(OCoLC)fst00906906
=650  \7$aForeign licensing agreements.$2fast$0(OCoLC)fst00931850
=650  \7$aInternational business enterprises$xFinance.$2fast$0(OCoLC)fst00976799
=650  \7$aInvestments, Foreign$xFinance.$2fast$0(OCoLC)fst00978378
=655  \7$aDatabases.$2fast$0(OCoLC)fst01411643
=710  2\$aEconomist Intelligence Unit
=776  08$iPrint version, 1983-1996:$tInvesting, licensing & trading conditions abroad.$dNew York, N.Y. (One Dag Hammarskjold Plaza, New York 10017) : Business International Corp., c1983-
=776  08$iPrint version, 1997-1999:$tInvesting, licensing & trading
=776  08$iPrint version, 2000-$tCountry commerce.$dNew York, NY : Economist Intelligence Unit, 2000-
=856  40$uhttp://www.eiu.com/index.asp?layout=AllTitles
=852  41$aBritish Library$bSTI
=985  \\$aAs of 21/2/21 the 245 brief record just had: Country Commerce Regional - Western Europe. I assume this is what we were subscribing to when the resource was set up. Resource not reviewed since - suitable OCLC record overlayed.
=985  \\$aN.B. REPLACED BY 020487292 "EIU VIEWPOINT" - SEE THAT RECORD FOR 2022 ETC ORDER INFO.
=CAT  \\$a10902$b40$c20190102$lBLL01$h1115
=CAT  \\$a10902$b40$c20220215$lBLL01$h1313
=CAT  \\$a10902$b40$c20220215$lBLL01$h1323
=CAT  \\$a3072$b40$c20220221$lBLL01$h1816
=FIN  \\$aY$d20220221
=SID  \\$aZ39$bOCLC
=STA  \\$aSUPPRESSED$bDatabase
=LAS  \\$a3072$b40$c20220221$lBLL01$h1816

