=LDR  01683 am a2200469 i 4500
=001  016279186
=003  Uk
=005  20160720113345.0
=006  m||||||||d||||||||
=007  cr||||||||||||
=008  140528s2006\\\\enka\\\\o|\\\\000\0\eng|d
=FMT  \\$a  BK
=015  \\$aGBB4E1195$2bnb
=020  \\$a9780728712348 (PDF ebook) :$cNo price
=020  \\$a0728712342 (PDF ebook) :$cNo price
=040  \\$aStDuBDS$beng$cStDuBDS$erda$epn
=042  \\$aukblsr
=082  04$a701.030942$223
=100  1\$aMicklem, David,$eauthor.
=245  10$aStreet arts healthcheck /$cDavid Micklem.
=264  \1$aLondon :$bArts Council England,$c[2006]
=264  \4$c©2006
=300  \\$a1 online resource (18 pages) :$billustrations (black and white)
=336  \\$atext$2rdacontent
=336  \\$astill image$2rdacontent
=337  \\$acomputer$2rdamedia
=338  \\$aonline resource$2rdacarrier
=504  \\$aIncludes bibliographical references.
=588  \\$aDescription based on online resource; title from PDF title page (viewed on June 2, 2014).
=650  \0$aStreet art$zEngland.
=710  2\$aArts Council England,$epublisher.
=856  40$uhttp://www.artscouncil.org.uk/media/uploads/documents/publications/php9Bro5N.pdf
=852  41$aBritish Library$bHMNTS
=985  \\$aNETCAT record
=CAT  \\$a12664$b40$c20130219$lBLL01$h0939
=CAT  \\$aBATCH-SURR$b00$c20141204$lBLL01$h1632
=CAT  \\$a9668$b40$c20160720$lBLL01$h1133
=CAT  \\$aW1711-1225$c20171203$lBLL01$h1052
=FIN  \\$aY$d20141204
=SRC  \\$aNETCAT$bNETCATEM.mrc.20141204
=STA  \\$aSUPPRESSED$bunable to determine reason for suppression
=LAS  \\$aW1711-1225$b00$c20171203$lBLL01$h1052

