=LDR  01972 am a2200505 i 4500
=001  016281363
=003  Uk
=005  20160727110624.0
=006  m||||||||d||||||||
=007  cr||||||||||||
=008  140501s2010\\\\enk\\\\\o|\\\\001\0\eng|d
=FMT  \\$a  BK
=015  \\$aGBB4D9973$2bnb
=020  \\$a9781901974997 (PDF ebook) :$cNo price
=040  \\$aStDuBDS$beng$cStDuBDS$erda$epn
=042  \\$aukblsr
=082  04$a362.10941$223
=100  1\$aGregson, Rachel,$eauthor.
=245  10$aBuilding healthy communities :$ba community empowerment approach /$cby Rachel Gregson with Liz Court.
=264  \1$aLondon :$bCommunity Development Foundation,$c2010.
=300  \\$a1 online resource (94 pages)
=336  \\$atext$2rdacontent
=337  \\$acomputer$2rdamedia
=338  \\$aonline resource$2rdacarrier
=500  \\$aAt foot of title: John Laing.
=504  \\$aIncludes bibliographical references and index.
=588  \\$aDescription based on online resource; title from PDF title page (viewed on May 2, 2014).
=690  7\$aSocial Welfare$2blcoll
=650  \0$aPublic health$zGreat Britain$xCitizenship participation.
=650  \0$aPower (Social sciences)$zGreat Britain.
=700  1\$aCourt, Liz,$eauthor.
=710  2\$aCommunity Development Foundation (Great Britain),$epublisher.
=710  2\$aJohn Laing (Firm)
=856  40$uhttp://www.cdf.org.uk/wp-content/uploads/2011/12/Building-healthy-communities-A-community-empowerment-approach.pdf
=852  41$aBritish Library$bHMNTS
=985  \\$aNETCAT record
=CAT  \\$a12664$b40$c20130220$lBLL01$h1044
=CAT  \\$aBATCH-SURR$b00$c20141204$lBLL01$h1632
=CAT  \\$a8871$b40$c20160415$lBLL01$h1022
=CAT  \\$a9668$b40$c20160727$lBLL01$h1106
=CAT  \\$aW1711-1225$c20171203$lBLL01$h1052
=FIN  \\$aY$d20141204
=SRC  \\$aNETCAT$bNETCATEM.mrc.20141204
=STA  \\$aSUPPRESSED$bunable to determine reason for suppression
=LAS  \\$aW1711-1225$b00$c20171203$lBLL01$h1052

