=LDR  01781 am a2200457 i 4500
=001  016283072
=003  Uk
=005  20141204163515.0
=006  m||||||||d||||||||
=007  cr||||||||||||
=008  140701s2013\\\\enk\\\\\o|\\\\000\0\eng|d
=FMT  \\$a  BK
=015  \\$aGBB4E2297$2bnb
=020  \\$a9781781052167 (PDF ebook) :$cNo price
=040  \\$aStDuBDS$beng$cStDuBDS$erda$epn
=042  \\$aukblsr
=082  04$a401.930835094$223
=100  1\$aBurge, B.$q(Bethan),$eauthor.
=245  10$aEuropean survey on language competences :$blanguage proficiency in England /$cB. Burge [and six others].
=264  \1$aSheffield :$bDepartment for Education,$cFebruary 2013.
=300  \\$a1 online resource (7 pages).
=336  \\$atext$2rdacontent
=337  \\$acomputer$2rdamedia
=338  \\$aonline resource$2rdacarrier
=490  0\$aResearch brief ;$vDFE-RB278
=588  \\$aDescription based on online resource; title from PDF title page (viewed on July 3, 2014).
=650  \0$aSecond language acquisition.
=650  \0$aHigh school students$zEurope.
=710  1\$aGreat Britain.$bDepartment for Education,$eissuing body.
=856  40$uhttps://consumption.education.gov.uk/publications/eOrderingDownload/DFE-RB278.pdf
=830  \0$aResearch brief (Great Britain. Department for Education) ;$vDFE-RB278.
=852  41$aBritish Library$bHMNTS
=985  \\$aNETCAT record
=CAT  \\$a12664$b40$c20130225$lBLL01$h1455
=CAT  \\$aBATCH-SURR$b00$c20141204$lBLL01$h1633
=CAT  \\$aBATCH-UPD$b00$c20150306$lBLL01$h1635
=CAT  \\$aW1711-1225$c20171203$lBLL01$h1052
=FIN  \\$aY$d20141204
=SRC  \\$aNETCAT$bNETCATEM.mrc.20141204
=STA  \\$aSUPPRESSED$bunable to determine reason for suppression
=LAS  \\$aW1711-1225$b00$c20171203$lBLL01$h1052

