=LDR  01620 am a2200445 i 4500
=001  016293942
=003  Uk
=005  20150206133846.0
=006  m\\\\||\\d\|\\\\\\
=007  cr\|||||||||||
=008  130305s2012\\\\enk\\\\\ob\\\\0|0\0|eng\\
=FMT  \\$a  BK
=015  \\$aGBB511346$2bnb
=020  \\$z9781905994595
=040  \\$aUk$beng$cUk$erda
=042  \\$aukblsr
=082  04$a365.608720942$223
=100  1\$aMcCulloch, Daniel$c(Writer on criminology),$eauthor.
=245  10$aNot hearing us :$bAn exploration of the experience of deaf prisoners in English and Welsh prisons : sumary /$cDaniel McCulloch.
=264  \1$aLondon :$bHoward League for Penal Reform,$c2012.
=300  \\$a1 online resource (4 unnumbered pages)
=336  \\$atext$2rdacontent
=337  \\$acomputer$2rdamedia
=338  \\$aonline resource$2rdacarrier
=504  \\$aIncludes bibliographical references.
=650  \0$aPrisoners$zEngland.
=650  \0$aDeaf$zEngland.
=650  \0$aPrisoners$zWales.
=650  \0$aDeaf$zWales.
=690  7\$aSocial Welfare$2blcoll
=710  2\$aHoward League for Penal Reform,$eissuing body.
=856  40$uhttp://d19ylpo4aovc7m.cloudfront.net/fileadmin/howard_league/user/pdf/Publications/Not_hearing_us_-_summary.pdf
=852  41$aBritish Library$bHMNTS
=CAT  \\$a12664$b40$c20130305$lBLL01$h1427
=CAT  \\$a7332$b40$c20150129$lBLL01$h0946
=CAT  \\$a7332$b40$c20150206$lBLL01$h1338
=CAT  \\$aW1711-1225$c20171203$lBLL01$h1052
=FIN  \\$aY$d20150129
=STA  \\$aSUPPRESSED$bunable to determine reason for suppression
=LAS  \\$aW1711-1225$b00$c20171203$lBLL01$h1052

