=LDR  01681 am a2200421 i 4500
=001  016296872
=003  Uk
=005  20141204163359.0
=006  m||||||||d||||||||
=007  cr||||||||||||
=008  140507s2012\\\\enk\\\\\o|\\\o000\0\eng|d
=FMT  \\$a  BK
=015  \\$aGBB4E0230$2bnb
=020  \\$a9781409837510 (PDF ebook) :$cNo price
=040  \\$aStDuBDS$beng$cStDuBDS$erda$epn
=042  \\$aukblsr
=082  04$a362.820941$223
=245  00$aWorking with troubled families :$ba guide to the evidence and good practice.
=264  \1$aLondon :$bDepartment for Communities and Local Government,$cDecember 2012.
=300  \\$a1 online resource (45 pages)
=336  \\$atext$2rdacontent
=337  \\$acomputer$2rdamedia
=338  \\$aonline resource$2rdacarrier
=504  \\$aIncludes bibliographical references.
=588  \\$aDescription based on online resource; title from PDF title page (viewed on May 8, 2014).
=690  7\$aSocial Welfare$2blcoll
=650  \0$aDysfunctional families$xServices for$zGreat Britain.
=710  1\$aGreat Britain.$bDepartment for Communities and Local Government,$eissuing body.
=856  40$uhttps://www.gov.uk/government/uploads/system/uploads/attachment_data/file/66113/121214_Working_with_troubled_families_FINAL_v2.pdf
=852  41$aBritish Library$bHMNTS
=985  \\$aNETCAT record
=CAT  \\$a12664$b40$c20130308$lBLL01$h1205
=CAT  \\$aBATCH-SURR$b00$c20141204$lBLL01$h1632
=CAT  \\$aW1711-1225$c20171203$lBLL01$h1052
=FIN  \\$aY$d20141204
=SRC  \\$aNETCAT$bNETCATEM.mrc.20141204
=STA  \\$aSUPPRESSED$bunable to determine reason for suppression
=LAS  \\$aW1711-1225$b00$c20171203$lBLL01$h1052

