=LDR  01677 am a2200445 i 4500
=001  016298217
=003  Uk
=005  20141204163408.0
=006  m||||||||d||||||||
=007  cr||||||||||||
=008  140514s2011\\\\enkab\\\o|\\\o000\0\eng|d
=FMT  \\$a  BK
=015  \\$aGBB4E0439$2bnb
=040  \\$aStDuBDS$beng$cStDuBDS$erda$epn
=042  \\$aukblsr
=082  04$a338.4766060941$223
=245  00$aRenal :$ba capability assessment.
=264  \1$a[London] :$bHM Government,$c[2011]
=264  \4$c©2011
=300  \\$a1 online resource (19 pages) :$billustrations (black and white, and colour), map (colour)
=336  \\$atext$2rdacontent
=336  \\$astill image$2rdacontent
=336  \\$acartographic image$2rdacontent
=337  \\$acomputer$2rdamedia
=338  \\$aonline resource$2rdacarrier
=588  \\$aDescription based on online resource; title from PDF title page (viewed on May 15, 2014).
=690  7\$aManagement and Business Studies$2blcoll
=650  \0$aBiotechnology industries$zGreat Britain.
=650  \0$aPublic-private sector cooperation$zGreat Britain.
=710  1\$aGreat Britain,$eissuing body.
=856  40$uhttps://www.gov.uk/government/uploads/system/uploads/attachment_data/file/34711/12-1328-renal-capability-assessment.pdf
=852  41$aBritish Library$bHMNTS
=985  \\$aNETCAT record
=CAT  \\$a12664$b40$c20130311$lBLL01$h1154
=CAT  \\$aBATCH-SURR$b00$c20141204$lBLL01$h1632
=CAT  \\$aW1711-1225$c20171203$lBLL01$h1052
=FIN  \\$aY$d20141204
=SRC  \\$aNETCAT$bNETCATEM.mrc.20141204
=STA  \\$aSUPPRESSED$bunable to determine reason for suppression
=LAS  \\$aW1711-1225$b00$c20171203$lBLL01$h1052

