=LDR  01860 am a2200433 i 4500
=001  016302336
=003  Uk
=005  20141204163411.0
=006  m||||||||d||||||||
=007  cr||||||||||||
=008  140515s2013\\\\enk\\\\\o|\\\o000\0\eng|d
=FMT  \\$a  BK
=015  \\$aGBB4E0531$2bnb
=040  \\$aStDuBDS$beng$cStDuBDS$erda$epn
=042  \\$aukblsr
=082  04$a344.41012596$223
=245  00$aTransfer of undertakings (protection of employment) regulations 2006.$pConsultation on proposed changes to the regulations.
=264  \1$aLondon :$bDepartment for Business Innovation & Skills,$cJanuary 2013.
=300  \\$a1 online resource (71 pages)
=336  \\$atext$2rdacontent
=337  \\$acomputer$2rdamedia
=338  \\$aonline resource$2rdacarrier
=588  \\$aDescription based on online resource; title from PDF title page (viewed on May 19, 2014).
=690  7\$aManagement and Business Studies$2blcoll
=650  \0$aLabor laws and legislation$zGreat Britain.
=650  \0$aConsolidation and merger of corporations$xLaw and legislation$zGreat Britain.
=710  1\$aGreat Britain.$bDepartment for Business, Innovation and Skills,$eissuing body.
=856  40$uhttps://www.gov.uk/government/uploads/system/uploads/attachment_data/file/68735/13-533-tupe-regulations-2006-consultation-on-proposed-changes-to-the-regulations2.pdf
=852  \\$aBritish Library$bHMNTS
=985  \\$aNETCAT record
=CAT  \\$a12664$b40$c20130318$lBLL01$h1123
=CAT  \\$aBATCH-SURR$b00$c20141204$lBLL01$h1632
=CAT  \\$aBATCH-UPD$b00$c20141226$lBLL01$h2133
=CAT  \\$aBATCH-UPD$b00$c20150306$lBLL01$h1635
=CAT  \\$aW1711-1225$c20171203$lBLL01$h1052
=FIN  \\$aY$d20141204
=SRC  \\$aNETCAT$bNETCATEM.mrc.20141204
=STA  \\$aSUPPRESSED$bunable to determine reason for suppression
=LAS  \\$aW1711-1225$b00$c20171203$lBLL01$h1052

