=LDR  01468 am a2200397 i 4500
=001  016312081
=003  Uk
=005  20140306090135.0
=006  m\\\\||\\d\|\\\\\\
=007  cr\|||||||||||
=008  130402s2011\\\\enka|||\ob\\\\0||\0|eng\\
=FMT  \\$a  BK
=015  \\$aGBB427069$2bnb
=040  \\$aUk$beng$cUk$erda
=042  \\$aukblsr
=082  04$a363.349360942734$223
=110  2\$aJBA Consulting,$eauthor.
=245  10$aStockport Metropolitan Borough Council Preliminary Flood Risk Assessment.
=264  \1$a[Stockport] :$bStockport Metropolitan Borough Council,$cMay 2011.
=300  \\$a1 online resource (viii, 44 pages, V) :$billustrations (colour)
=336  \\$atext$2rdacontent
=337  \\$acomputer$2rdamedia
=338  \\$aonline resource$2rdacarrier
=504  \\$aIncludes bibliographical references.
=650  \0$aFloods$xRisk assessment$zEngland$zStockport.
=650  \0$aFlood forecasting$zEngland$zStockport.
=650  \0$aFlood control$zEngland$zStockport$xPlanning.
=710  1\$aStockport (England).$bMetropolitan Borough Council,$epublisher.
=856  40$uhttps://brand.environment-agency.gov.uk/mb/C0EE9V
=852  \\$aBritish Library$bHMNTS
=CAT  \\$a8311$b40$c20130402$lBLL01$h1411
=CAT  \\$a11281$b40$c20140306$lBLL01$h0901
=CAT  \\$aW1711-1225$c20171203$lBLL01$h1052
=FIN  \\$aY$d20140306
=STA  \\$aSUPPRESSED$bunable to determine reason for suppression
=LAS  \\$aW1711-1225$b00$c20171203$lBLL01$h1052

