=LDR  02723 ai a2200541 a 4500
=001  017876978
=003  Uk
=005  20160613145114.0
=006  m\\\\\o\\d\\\\\\\\
=007  cr\cn|||||||||
=008  070710c200u9999enkkr\dsoh\\\\0\\\a2eng\c
=FMT  \\$a  SE
=010  \\$a  2009235297
=015  \\$aGBB679757$2bnb
=035  \\$a(OCoLC)154259351
=040  \\$aNDD$beng$cNDD$dHLS$dOCLCQ$dCOO$dOCLCF$dOCLCO$dOCLCQ
=042  \\$aukblsr
=082  04$a920.02$223
=245  00$aWorld who's who.
=247  10$aInternational who's who$f-<2006>
=260  \\$a[London] :$bRoutledge
=310  \\$aContinuously updated
=336  \\$atext$2rdacontent
=337  \\$acomputer$2rdamedia
=338  \\$aonline resource$2rdacarrier
=500  \\$a"Europa biographical reference."
=500  \\$aTitle from home page as viewed on Sept. 5, 2009.
=520  \\$aA searchable database which contains biographical information on the world's most emminent figures, including heads of state, key ministers, politicians, diplomats, religious leaders, the famous and successful in business, finance, technology, film, music, literature, fashion, sport and other professions. Entries include nationality, date and place of birth, education, marital and family details, past career and current position, honors and awards, publications, artistic achievements, leisure interests, and contact details, including e-mail and website addresses.
=580  \\$aBased on content from the print title: The International who's who, and selections from other print titles in the Europa biographical reference series.
=650  \0$aBiography$vDictionaries.
=650  \7$aBiography.$2fast$0(OCoLC)fst00832149
=653  \\$aBiographies
=653  \\$aGeneral Interest and Reference
=655  \7$aDictionaries.$2fast$0(OCoLC)fst01423826
=710  2\$aEuropa Publications Limited.
=776  1\$tInternational who's who$x0074-9613
=776  08$iAlso issued on CD-ROM, -<2000>
=856  40$uhttp://www.worldwhoswho.com/views/home.html
=852  41$aBritish Library$bHMNTS
=985  \\$aWayback machine, under "The international who's who online": Since publication of the 2006 print edition in June 2005, the online version of this renowned annual has been fully dynamic and independently available from the print copy - so looks like it started in 2005; OCLC has new title from 2007.
=CAT  \\$a3072$b40$c20160613$lBLL01$h1401
=CAT  \\$a3072$b40$c20160613$lBLL01$h1402
=CAT  \\$a3072$b40$c20160613$lBLL01$h1451
=FIN  \\$aY$d20160613
=LKR  \\$aPAR$b009861230$lBLL01$r776$mWorld who's who.$nInternational who's who
=SID  \\$aZ39$bOCLC
=STA  \\$aSUPPRESSED$bDatabase
=LAS  \\$a3072$b40$c20160613$lBLL01$h1451

