=LDR  01629 am a2200445 i 4500
=001  016516996
=003  Uk
=005  20170124161515.0
=006  m||||||||d||||||||
=007  cr||||||||||||
=008  140519s2011\\\\enka\\\\o|\\\\000\0\eng|d
=FMT  \\$a  BK
=015  \\$aGBB4E1037$2bnb
=040  \\$aStDuBDS$beng$cStDuBDS$erda$epn
=042  \\$aukblsr
=082  04$a381.10941$223
=100  1\$aSchoenborn, Adam,$eauthor.
=245  14$aThe right to retail :$bcan localism save Britain's small retailers? Adam Schoenborn.
=264  \1$a[London] :$bResPublica,$cApril 2011.
=300  \\$a1 online resource (45 pages) :$billustrations (colour)
=336  \\$atext$2rdacontent
=336  \\$astill image$2rdacontent
=337  \\$acomputer$2rdamedia
=338  \\$aonline resource$2rdacarrier
=504  \\$aIncludes bibliographical references.
=588  \\$aDescription based on online resource; title from PDF title page (viewed on May 19, 2014).
=690  7\$aSocial Welfare$2blcoll
=650  \0$aRetail trade$zGreat Britain.
=710  2\$aResPublica (Think tank),$epublisher.
=856  40$uhttp://www.respublica.org.uk/documents/onh_The%20Right%20to%20Retail.pdf
=852  \\$aBritish Library$bHMNTS
=985  \\$aNETCAT record
=CAT  \\$a12664$b40$c20131009$lBLL01$h1126
=CAT  \\$aBATCH-SURR$b00$c20141204$lBLL01$h1632
=CAT  \\$a9572$b40$c20170124$lBLL01$h1615
=CAT  \\$aW1711-1225$c20171203$lBLL01$h1054
=FIN  \\$aY$d20141204
=SRC  \\$aNETCAT$bNETCATEM.mrc.20141204
=STA  \\$aSUPPRESSED$bunable to determine reason for suppression
=LAS  \\$aW1711-1225$b00$c20171203$lBLL01$h1054

