=LDR  01193 am a22003133i 4500
=001  016545912
=003  Uk
=005  20140129161022.0
=006  m\\\\||\\d\|\\\\\\
=007  cr\|||||||||||
=008  131118s2010\\\\enk\\\\\o\\\\\0|0\0|eng\\
=FMT  \\$a  BK
=082  04$a362.10680941$223
=245  \4$aThe intended and unintended outcomes of new governance arrangements within the NHS :$bExecutive Summary : for the National Institute for Health Research Service Delivery and Organisation programme.
=264  \1$aSouthampton :$bNIHR,$c2010.
=336  \\$atext$2rdacontent
=337  \\$acomputer$2rdamedia
=338  \\$aonline resource$2rdacarrier
=690  7\$aSocial Welfare$2blcoll
=856  40$uhttp://www.netscc.ac.uk/hsdr/files/project/SDO_FR_08-1618-129_V01.pdf
=852  \\$aBritish Library$bHMNTS
=852  41$aBritish Library$bHMNTS$jDigital store
=CAT  \\$a8411$b40$c20131118$lBLL01$h1423
=CAT  \\$a8411$b40$c20131118$lBLL01$h1430
=CAT  \\$a12181$b40$c20140129$lBLL01$h1610
=CAT  \\$aW1711-1225$c20171203$lBLL01$h1054
=FIN  \\$aY$d20140129
=STA  \\$aSUPPRESSED$bunable to determine reason for suppression
=LAS  \\$aW1711-1225$b00$c20171203$lBLL01$h1054

