=LDR  01881 am a2200481 i 4500
=001  016606839
=003  Uk
=005  20151013142935.0
=006  m||||||||d||||||||
=007  cr||||||||||||
=008  140619s2012\\\\enka\\\\o|\\\o000\0\eng|d
=FMT  \\$a  BK
=015  \\$aGBB4E2194$2bnb
=040  \\$aStDuBDS$beng$cStDuBDS$erda$epn
=042  \\$aukblsr
=082  04$a379.42$223
=245  00$a2011 skills for life survey.$pAnnexes.
=264  \1$aLondon :$bDepartment for Business, Innovation & Skills,$cDecember 2012.
=300  \\$a1 online resource (236 pages) :$billustrations (colour).
=336  \\$atext$2rdacontent
=336  \\$astill image$2rdacontent
=337  \\$acomputer$2rdamedia
=338  \\$aonline resource$2rdacarrier
=490  0\$aBIS research paper ;$vnumber 81A
=588  \\$aDescription based on online resource; title from PDF title page (viewed on July 2, 2014).
=690  7\$aManagement and Business Studies$2blcoll
=650  \0$aLife skills$zEngland.
=650  \0$aEducational surveys$zEngland.
=710  1\$aGreat Britain.$bDepartment for Business, Innovation and Skills,$eissuing body.
=856  40$uhttps://www.gov.uk/government/uploads/system/uploads/attachment_data/file/36066/12-p168an1-2011-skills-for-life-survey-annexes.pdf
=852  41$aBritish Library$bHMNTS$jDigital store
=852  41$aBritish Library$bHMNTS
=985  \\$aNETCAT record
=CAT  \\$a8411$b40$c20140120$lBLL01$h1148
=CAT  \\$a8411$b40$c20140120$lBLL01$h1150
=CAT  \\$aBATCH-SURR$b00$c20141204$lBLL01$h1633
=CAT  \\$aBATCH-UPD$b00$c20141226$lBLL01$h2134
=CAT  \\$a11279$b40$c20151013$lBLL01$h1429
=CAT  \\$aW1711-1225$c20171203$lBLL01$h1055
=FIN  \\$aY$d20141204
=SRC  \\$aNETCAT$bNETCATEM.mrc.20141204
=STA  \\$aSUPPRESSED$bunable to determine reason for suppression
=LAS  \\$aW1711-1225$b00$c20171203$lBLL01$h1055

