=LDR  01770 am a2200457 i 4500
=001  016739988
=003  Uk
=005  20150702134917.0
=006  m\\\\||\\d\|\\\\\\
=007  cr\|||||||||||
=008  141220s2010\\\\enk\\\\\o\\\\o000\0\eng\d
=FMT  \\$a  BK
=015  \\$aGBB585019$2bnb
=040  \\$aIiNdDKA$beng$cIiNdDKA$erda
=042  \\$aukblsr
=043  \\$ae-uk---
=082  04$a362.740941$223
=110  1\$aGreat Britain.$bDepartment for Children, Schools and Families,$eauthor.
=245  12$aA summary of government guidance on children who run away or go missing from local authority care :$bfor care workers and foster carers.
=264  \1$a[London] :$bDepartment for Children, Schools and Families,$c[2010]
=300  \\$a1 online resource (7 pages)
=336  \\$atext$2rdacontent
=337  \\$acomputer$2rdamedia
=338  \\$aonline resource$2rdacarrier
=500  \\$aTitle from cover.
=500  \\$aOnline search reference: 00353-2010DOM-EN.
=500  \\$aPublisher's number: PPBHP/(4315)/0310.
=690  7\$aSocial Welfare$2blcoll
=650  \0$aRunaway children$xServices for$xGovernment policy$zGreat Britain.
=650  \0$aFoster children$xServices for$xGovernment policy$zGreat Britain.
=650  \0$aSocial work with children$zGreat Britain.
=856  40$uhttps://www.gateshead.gov.uk/DocumentLibrary/LSCB/missingfromcare.pdf
=852  41$aBritish Library$bHMNTS
=985  \\$aNETCAT record
=CAT  \\$a6098$b40$c20140612$lBLL01$h1215
=CAT  \\$aBATCH-SURR$b00$c20150702$lBLL01$h1348
=CAT  \\$aW1711-1225$c20171203$lBLL01$h1056
=FIN  \\$aY$d20150702
=SRC  \\$aNETCAT$bnetcatem.mrc.20150702
=STA  \\$aSUPPRESSED$bunable to determine reason for suppression
=LAS  \\$aW1711-1225$b00$c20171203$lBLL01$h1056

