=LDR  01862 ai a2200505 i 4500
=001  016803748
=003  Uk
=005  20150617144712.0
=006  m\\\\\\\\d\|\\\\\\
=007  cr||||||||||||
=008  140722c201u9999enk\x\w\o\\\\\0\\\a2eng\\
=FMT  \\$a  SE
=040  \\$aUk$beng$cUk$erda
=042  \\$aukblsr
=082  04$a381.10941$223
=245  00$aYouGov reports.$pUK.
=246  3\$aYouGov reports.$pUnited Kingdom
=246  3\$aYou Gov reports.$pUK
=246  1\$iAlso known as:$aYouGov UK reports
=264  \1$aLondon :$bYouGov plc
=310  \\$aIrregular
=336  \\$atext$2rdacontent
=337  \\$acomputer$2rdamedia
=338  \\$aonline resource$2rdacarrier
=490  0\$aCountry reports
=500  \\$aTitle from Web page under: Services - Country reports - UK (viewed July 30, 2014).
=520  \\$aDetailed analysis of consumer trends and attitudes across a broad range of sectors including finance, insurance, legal services as well as consumer products and services.
=650  \0$aConsumers$zGreat Britain$xResearch.
=650  \0$aPublic opinion$zGreat Britain.
=650  \0$aMarket surveys$zGreat Britain.
=710  2\$aYouGov (Firm)
=856  40$uhttp://reports.yougov.com/services/uk/
=852  41$aBritish Library$bSTI
=985  \\$aRECORD TO FINISH; DISCUSS WITH ANNA WHETHER A WEBSITE OR A DATABASE RE 008 AND 650.
=CAT  \\$a3072$b40$c20140730$lBLL01$h1317
=CAT  \\$a3072$b40$c20140730$lBLL01$h1318
=CAT  \\$a3072$b40$c20140730$lBLL01$h1321
=CAT  \\$a3072$b40$c20140730$lBLL01$h1322
=CAT  \\$a3072$b40$c20140730$lBLL01$h1325
=CAT  \\$a3072$b40$c20140730$lBLL01$h1326
=CAT  \\$a3072$b40$c20140730$lBLL01$h1638
=CAT  \\$a3072$b40$c20140925$lBLL01$h1636
=CAT  \\$a11279$b40$c20150617$lBLL01$h1447
=STA  \\$aSUPPRESSED$bDatabase
=LAS  \\$a11279$b40$c20150617$lBLL01$h1447

