=LDR  01597 am a2200445 a 4500
=001  013603053
=003  Uk
=005  20061130145324.0
=006  m\\\\|\\\d\|\\\\\\
=007  cr||||||||||||
=008  061115s2006\\\\stk||||\s||||o00|\0\eng\\
=015  \\$aGBA6A1316$2bnb
=020  \\$a0755914309 :$cNo price
=040  \\$aUk$beng$cUk
=042  \\$aukblsr
=082  04$a374.9411$222
=245  00$aLifelong learning - building on success$h[electronic resource] :$ba discussion of specific issues related to lifelong learning in Scotland.
=260  \\$a[Edinburgh :$bScottish executive,$c2006].
=336  \\$atext$2rdacontent
=337  \\$acomputer$2rdamedia
=338  \\$aonline resource$2rdacarrier
=500  \\$aTitle from p.1 of PDF file (viewed 30 Nov., 2006)
=516  \\$aPDF format.
=530  \\$aAlso issued in HTML format.
=538  \\$aMode of access: World Wide Web.
=538  \\$aSystem requirements: Adobe Acrobat Reader.
=650  \0$aContinuing education$zScotland.
=710  1\$aScotland.$bScottish Executive.
=852  41$aBritish Library$bHMNTS
=856  40$uhttp://www.scotland.gov.uk/Resource/Doc/153845/0041382.pdf
=CAT  \\$a7750$b40$c20061115$lBLL01$h1151
=CAT  \\$a7750$b40$c20061115$lBLL01$h1152
=CAT  \\$a8141$b40$c20061130$lBLL01$h1443
=CAT  \\$a8141$b40$c20061130$lBLL01$h1446
=CAT  \\$a8141$b40$c20061130$lBLL01$h1453
=CAT  \\$aW1711-1225$c20171203$lBLL01$h1025
=FIN  \\$aY$d20061130
=FMT  \\$a  BK
=LAS  \\$aW1711-1225$b00$c20171203$lBLL01$h1025
=STA  \\$aSUPPRESSED$bunable to determine reason for suppression

