=LDR  01606 am a2200445 a 4500
=001  013616906
=003  Uk
=005  20061222104421.0
=006  m\\\\|\\\d\|\\\\\\
=007  cr||||||||||||
=008  061204s2006\\\\enk\\\\\s\\\\o00|\0\eng\\
=040  \\$aUk$beng$cUk
=042  \\$aukblsr
=082  04$a384$222
=245  00$aResponse to the commission communication on the review of the regulatory framework for electronic communications networks and services$h[electronic resource].
=260  \\$a[London :$bDTI,$c2006].
=336  \\$atext$2rdacontent
=337  \\$acomputer$2rdamedia
=338  \\$aonline resource$2rdacarrier
=500  \\$aTitle from PDF title page (viewed on 22 Dec., 2006)
=500  \\$aPublisher's no.: URN 06/2144.
=500  \\$a"Comm(2006) 334".
=516  \\$aPDF format.
=538  \\$aMode of access: World Wide Web.
=538  \\$aSystem requirements: Adobe Acrobat Reader.
=650  \0$aTelecommunication.
=710  1\$aGreat Britain.$bDepartment of Trade and Industry.
=852  41$aBritish Library$bHMNTS
=856  40$uhttp://www.dti.gov.uk/files/file35579.pdf
=985  \\$aRecord amended for WR# 13/070
=CAT  \\$a7750$b40$c20061204$lBLL01$h1252
=CAT  \\$a7750$b40$c20061204$lBLL01$h1253
=CAT  \\$a11281$b40$c20061222$lBLL01$h1044
=CAT  \\$aBATCH-UPD$b40$c20070723$lBLL01$h1643
=CAT  \\$aWR13_070$b00$c20130504$lBLL01$h0248
=CAT  \\$aW1711-1225$c20171203$lBLL01$h1025
=FIN  \\$aY$d20061222
=FMT  \\$a  BK
=LAS  \\$aW1711-1225$b00$c20171203$lBLL01$h1025
=STA  \\$aSUPPRESSED$bunable to determine reason for suppression

