=LDR  01629 am a2200433 a 4500
=001  013657668
=003  Uk
=005  20080402104709.0
=006  m\\\\|\\\d\|\\\\\\
=007  cr||||||||||||
=008  070201s2001\\\\enk\\\\\s\\\\o000\0\wel\\
=040  \\$aUk$beng$cUk
=042  \\$aukblsr
=082  04$a383.4$222
=245  00$aDeddf Gwasanaethau Post 2000$h[electronic resource] :$bcanllaw cymdeithasol ac amgylcheddol i Gomisiwn y Gwasanaethau Post wedi ei gyhoeddi o dan adran 43(2) o'r Ddebbf Gwasanaethau Post 2000 ar 22 Mawrth 2001.
=260  \\$a[London] :$bDTI,$c2001.
=336  \\$atext$2rdacontent
=337  \\$acomputer$2rdamedia
=338  \\$aonline resource$2rdacarrier
=500  \\$aTitle from PDF title page (viewed on 2 Apr., 2008).
=500  \\$aPublisher's no.: 01/1775.
=516  \\$aPDF format.
=538  \\$aMode of access: World Wide Web.
=538  \\$aSystem requirements: Adobe Acrobat Reader.
=650  \0$aPostal service$zGreat Britain.
=710  1\$aGreat Britain.$bDepartment of Trade and Industry.
=852  \\$aBritish Library$bHMNTS
=856  40$uhttp://www.berr.gov.uk/files/file28809.pdf
=985  \\$aRecord amended for WR# 13/070
=CAT  \\$a7750$b40$c20070201$lBLL01$h1130
=CAT  \\$a7750$b40$c20070201$lBLL01$h1131
=CAT  \\$a7332$b40$c20080402$lBLL01$h1042
=CAT  \\$a7332$b40$c20080402$lBLL01$h1047
=CAT  \\$aWR13_070$b00$c20130504$lBLL01$h0249
=CAT  \\$aW1711-1225$c20171203$lBLL01$h1025
=FIN  \\$aY$d20080402
=FMT  \\$a  BK
=LAS  \\$aW1711-1225$b00$c20171203$lBLL01$h1025
=STA  \\$aSUPPRESSED$bunable to determine reason for suppression

