=LDR  01463 am a22003737a 4500
=001  013693598
=003  Uk
=005  20070404085817.0
=006  m\\\\|\\\d\|\\\\\\
=007  cr||||||||||||
=008  070313s2007\\\\enk\\\\\s\\\\o00|\0\eng\\
=040  \\$aUk$beng$cUk
=245  00$aBetting, gaming and lotteries$h[electronic resource] :$bthe Gambling Act 2005 (Gaming Machines) (Definitions) Regulations 2007.
=260  \\$aLondon :$bDepartment for Culture Media and Sport,$c2007.
=336  \\$atext$2rdacontent
=337  \\$acomputer$2rdamedia
=338  \\$aonline resource$2rdacarrier
=500  \\$aTitle from PDF title page (viewed on 4 Apr., 2007).
=500  \\$a"Statutory instruments -- 2007 no.".
=516  \\$aPDF format.
=538  \\$aMode of access: World Wide Web.
=538  \\$aSystem requirements: Adobe Acrobat Reader.
=710  1\$aGreat Britain.$bDepartment for Culture, Media and Sport.
=852  41$aBritish Library$bHMNTS
=856  40$uhttp://www.culture.gov.uk/NR/rdonlyres/207EA181-1FA8-4436-A083-B50794FD867C/0/AnnexBRegulations.pdf
=985  \\$aRecord amended for WR# 13/070
=CAT  \\$a7750$b40$c20070313$lBLL01$h1149
=CAT  \\$a11281$b40$c20070404$lBLL01$h0858
=CAT  \\$aWR13_070$b00$c20130504$lBLL01$h0250
=CAT  \\$aW1711-1225$c20171203$lBLL01$h1026
=FIN  \\$aY$d20070404
=FMT  \\$a  BK
=LAS  \\$aW1711-1225$b00$c20171203$lBLL01$h1026
=STA  \\$aSUPPRESSED$bunable to determine reason for suppression

