=LDR  02040 am a2200493 a 4500
=001  015466489
=003  Uk
=005  20120305132453.0
=006  m\\\\|\\\d\|\\\\\\
=007  cr\|||||||||||
=008  100118s2009\\\\enk\\\\\ob\\\o000\0\eng\\
=015  \\$aGBB222439$2bnb
=040  \\$aUk$beng$cUk
=042  \\$aukblsr
=082  04$a361.250942$223
=245  00$aPrioritising need in the context of Putting people first.$pConsultation report on revised guidance on eligibility criteria for adult social care, England 2009$h[electronic resource].
=246  30$aConsultation report on revised guidance on eligibility criteria for adult social care, England 2009
=260  \\$aLondon :$bDepartment of Health,$c2009.
=300  \\$a1 online resource (20 p.)
=336  \\$atext$2rdacontent
=337  \\$acomputer$2rdamedia
=338  \\$aonline resource$2rdacarrier
=500  \\$aTitle from PDF title page (viewed on Mar. 5, 2012).
=500  \\$a"A whole system approach to eligibility for social care."
=504  \\$aIncludes bibliographical references.
=650  \0$aHealth services administration$zEngland.
=650  \0$aHuman services$zEngland$xManagement.
=650  \0$aMedical care$xNeeds assessment$zEngland.
=650  \0$aPeople with disabilities$xCare$xGovernment policy$zEngland.
=710  1\$aGreat Britain.$bDepartment of Health.
=730  0\$aPutting people first.
=852  \\$aBritish Library$bHMNTS
=856  40$uhttp://www.dh.gov.uk/prod_consum_dh/groups/dh_digitalassets/documents/digitalasset/dh_110307.pdf
=985  \\$aRecord amended for WR# 13/070
=CAT  \\$a10902$b40$c20100118$lBLL01$h1623
=CAT  \\$a10902$b40$c20100118$lBLL01$h1624
=CAT  \\$a12167$b40$c20120305$lBLL01$h1141
=CAT  \\$a12167$b40$c20120305$lBLL01$h1324
=CAT  \\$aWR13_070$b00$c20130504$lBLL01$h0323
=CAT  \\$aW1711-1225$c20171203$lBLL01$h1036
=FIN  \\$aY$d20120305
=FMT  \\$a  BK
=LAS  \\$aW1711-1225$b00$c20171203$lBLL01$h1036
=STA  \\$aSUPPRESSED$bunable to determine reason for suppression

