=LDR  01782 am a2200469 a 4500
=001  015555133
=003  Uk
=005  20110106090302.0
=006  m\\\\|\\\d\|\\\\\\
=007  cr||||||||||||
=008  100517s2010\\\\enk||||\s\\\\o000\0\eng\\
=015  \\$aGBB104576$2bnb
=040  \\$aUk$beng$cUk
=042  \\$aukblsr
=082  04$a363.8560941$222
=245  00$aGovernment response to the Nutrition Action Plan Delivery Board end of year progress report$h[electronic resource].
=260  \\$a[London?] :$bDept. of Health,$c2010.
=300  \\$a15 p. :$bdigital, PDF file.
=336  \\$atext$2rdacontent
=337  \\$acomputer$2rdamedia
=338  \\$aonline resource$2rdacarrier
=500  \\$aTitle from p.1 of PDF file (viewed on 6 Jan., 2011).
=500  \\$a"First published February 2010."
=538  \\$aMode of access: World Wide Web.
=538  \\$aSystem requirements: Adobe Acrobat Reader.
=650  \0$aMalnutrition$zGreat Britain$xPrevention.
=650  \0$aNutrition policy$zGreat Britain.
=650  \0$aOlder people$xCare$zGreat Britain.
=650  \0$aOlder people$xNutrition$zGreat Britain.
=710  1\$aGreat Britain.$bDepartment of Health.
=852  \\$aBritish Library$bHMNTS
=856  40$uhttp://www.dh.gov.uk/prod_consum_dh/groups/dh_digitalassets/@dh/@en/@ps/documents/digitalasset/dh_113119.pdf
=985  \\$aRecord amended for WR# 13/070
=CAT  \\$a12630$b40$c20100517$lBLL01$h1411
=CAT  \\$a12630$b40$c20100517$lBLL01$h1413
=CAT  \\$a8141$b40$c20110106$lBLL01$h0903
=CAT  \\$aWR13_070$b00$c20130504$lBLL01$h0325
=CAT  \\$aW1711-1225$c20171203$lBLL01$h1038
=FIN  \\$aY$d20110106
=FMT  \\$a  BK
=LAS  \\$aW1711-1225$b00$c20171203$lBLL01$h1038
=STA  \\$aSUPPRESSED$bunable to determine reason for suppression

