=LDR  02145 as a2200529 a 4500
=001  015737043
=003  Uk
=005  20110121153543.0
=006  m\\\\\\\\d\|\\\\\\
=007  cr||||||||||||
=008  110121c20099999enkex\p\s\\\\\0\\\a0eng\\
=015  \\$aGBB111327$2bnb
=022  0\$a2046-2808$202
=040  \\$aUk$beng$cUk
=042  \\$aukblsr$aissnuk
=082  04$a028.1$222
=222  \4$aThe Oxonian review
=245  04$aThe Oxonian review$h[electronic resource].
=260  \\$aOxford :$b[Graduate Members of the University of Oxford],$c2009-
=336  \\$atext$2rdacontent
=337  \\$acomputer$2rdamedia
=338  \\$aonline resource$2rdacarrier
=362  0\$a8.1 (Hilary 2009)-
=515  \\$aArticles added biweekly in term time, on an individual basis.
=516  \\$aIn HTML; to 2008 also issued in PDF.
=538  \\$aMode of access: World Wide Web.
=580  \\$aIncludes issues of earlier title: Oxonian review of books.
=588  \\$aTitle from archive page (publisher's Web site, viewed Jan. 21, 2010).
=588  \\$aLatest issue consulted: 15.1 (Hilary 2011) (viewed Jan. 21, 2010).
=650  \0$aBooks$xReviews$vPeriodicals.
=780  10$tOxonian review of books (Online)$x1756-3917
=852  41$aBritish Library$bHMNTS
=856  4\$uhttp://www.oxonianreview.org/wp/archive/
=985  \\$aAbout screen "yearly print ed released at end of each year" - but reply from editor: "Despite what's written in our about section, we've not produced a print edition since spring 2007" so no 530/776 added.
=CAT  \\$a3072$b40$c20110121$lBLL01$h1415
=CAT  \\$a3072$b40$c20110121$lBLL01$h1442
=CAT  \\$a3072$b40$c20110121$lBLL01$h1507
=CAT  \\$a3072$b40$c20110121$lBLL01$h1529
=CAT  \\$a3072$b40$c20110121$lBLL01$h1535
=CAT  \\$aW1711-1225$c20171203$lBLL01$h1041
=FIN  \\$aY$d20110121
=FMT  \\$a  SE
=LAS  \\$aW1711-1225$b00$c20171203$lBLL01$h1041
=LET  \0$aOxonian review (Electronic)
=LKR  \\$aPAR$b014426367$lBLL01$r78010$mOxonian review$nOxonian review of books
=STA  \\$aSUPPRESSED$bunable to determine reason for suppression
=TCO  \\$aCLA$bCLA$c008

