=LDR  01916 am a2200493 a 4500
=001  015771181
=003  Uk
=005  20130312113112.0
=006  m\\\\|\\\d\|\\\\\\
=007  cr\|||||||||||
=008  120406s2005\\\\enk\\\\\ob\\\o000\0\eng\d
=015  \\$aGBB323308$2bnb
=040  \\$aIiNdDKA$beng$cIiNdDKA
=042  \\$aukblsr
=043  \\$ae-uk-en
=082  04$a378.12240942$223
=245  00$aReview of the quality assurance framework$h[electronic resource] :$bphase one outcomes.
=260  \\$aBristol :$bHigher Education Funding Council for England,$c2005.
=300  \\$a1 online resource (27, [1] p.).
=336  \\$atext$2rdacontent
=337  \\$acomputer$2rdamedia
=338  \\$aonline resource$2rdacarrier
=490  1\$aPolicy development. Report of the review group ;$vJuly 2005/35
=500  \\$aTitle from PDF cover (viewed on Apr. 6, 2012).
=500  \\$a"SCOP, Universities UK."
=504  \\$aIncludes bibliographical references.
=650  \0$aQuality assurance$zEngland.
=650  \0$aUniversities and colleges$zEngland$xFinance.
=710  2\$aHigher Education Funding Council for England.
=710  2\$aStanding Conference of Principals of Colleges and Institutes of Higher Education.
=710  2\$aUniversities UK.
=830  \0$aPolicy development. Report of the review group (Higher Education Funding Council for England) ;$vJuly 2005/35.
=852  \\$aBritish Library$bHMNTS
=856  \\$uhttp://www.hefce.ac.uk/pubs/hefce/2005/05_35/05_35.pdf
=985  \\$aNETCAT record
=CAT  \\$a10958$b40$c20110315$lBLL01$h1333
=CAT  \\$a10958$b40$c20110315$lBLL01$h1335
=CAT  \\$aBATCH-SURR$b00$c20130312$lBLL01$h1130
=CAT  \\$aW1711-1225$c20171203$lBLL01$h1042
=FIN  \\$aY$d20130312
=FMT  \\$a  BK
=LAS  \\$aW1711-1225$b00$c20171203$lBLL01$h1042
=SRC  \\$aNETCAT$be0121.mrc.20130312
=STA  \\$aSUPPRESSED$bunable to determine reason for suppression

