=LDR  02015 am a2200469 i 4500
=001  015977621
=003  Uk
=005  20130213085211.0
=006  m\\\\||\\d\|\\\\\\
=007  cr\|||||||||||
=008  111129s2011\\\\enk\\\\\ob\\\o00|\0\eng\\
=015  \\$aGBB314256$2bnb
=040  \\$aUk$beng$cUk$erda
=042  \\$aukblsr
=082  04$a362.10941$223
=110  1\$aGreat Britain.$bDepartment of Health.$bGateway Review, Estates and Facilities Division,$eauthor.
=245  14$aThe NHS premises assurance model (PAM) self-assessment questions (SAQs) :$buniversal version, July 2011 /$cprepared by the Gateway Review and Estates & Facilities Division (GREFD).
=264  \1$a[London] :$bDepartment of Health,$c26th July 2011.
=300  \\$a1 online resource (14 pages)
=336  \\$atext$2rdacontent
=337  \\$acomputer$2rdamedia
=338  \\$aonline resource$2rdacarrier
=504  \\$aIncludes bibliographical references.
=588  \\$aDescription based on online resource; title from PDF title page (viewed on February 13, 2013).
=610  10$aGreat Britain.$bDepartment of Health$xEvaluation.
=610  10$aGreat Britain.$bDepartment of Health$xManagement.
=650  \0$aHospital buildings$zGreat Britain$xEvaluation.
=650  \0$aHospital housekeeping$zGreat Britain$xEvaluation.
=710  1\$aGreat Britain.$bDepartment of Health,$epublisher.
=852  \\$aBritish Library$bHMNTS
=856  40$uhttp://www.dh.gov.uk/prod_consum_dh/groups/dh_digitalassets/documents/digitalasset/dh_128761.pdf
=985  \\$aRecord amended for WR# 13/070
=CAT  \\$a10983$b40$c20111129$lBLL01$h0852
=CAT  \\$a10983$b40$c20111129$lBLL01$h0858
=CAT  \\$a11281$b40$c20130213$lBLL01$h0751
=CAT  \\$a11281$b40$c20130213$lBLL01$h0852
=CAT  \\$aWR13_070$b00$c20130504$lBLL01$h0336
=CAT  \\$aW1711-1225$c20171203$lBLL01$h1046
=FIN  \\$aY$d20130213
=FMT  \\$a  BK
=LAS  \\$aW1711-1225$b00$c20171203$lBLL01$h1046
=STA  \\$aSUPPRESSED$bunable to determine reason for suppression

