=LDR  01900 as a2200517 a 4500
=001  016001898
=003  Uk
=005  20120104130153.0
=006  m\\\\\\\\d\|\\\\\\
=007  cr||||||||||||
=008  120104c20109999enkmr\p\o\\\\o0\\\a0eng\\
=FMT  \\$a  SE
=015  \\$aGBB200175$2bnb
=040  \\$aUk$beng$cUk
=042  \\$aukblsr
=082  04$a354.50941$223
=245  00$aFarming link news alerts$h[electronic resource].
=246  1\$iWeb site list title:$aFarming link newsletter
=246  3\$aFaming link news alert
=260  \\$aLondon :$bDefra,$c2010-
=310  \\$aMonthly
=336  \\$atext$2rdacontent
=337  \\$acomputer$2rdamedia
=338  \\$aonline resource$2rdacarrier
=362  0\$aNov. 2010-
=538  \\$aMode of access: email and World Wide Web.
=538  \\$aSystem requirements: Adobe Acrobat Reader.
=500  \\$aTitle from home page, HTML header (viewed Jan. 4, 2012).
=690  7\$aManagement and Business Studies$2blcoll
=650  \0$aAgriculture and state$zGreat Britain$vPeriodicals.
=650  \0$aAgriculture$zGreat Britain$vPeriodicals.
=780  00$tFarming link (London, England : Online)
=710  1\$aGreat Britain.$bDepartment for Environment, Food & Rural Affairs.
=856  40$uhttp://www.defra.gov.uk/food-farm/farminglink/
=852  41$aBritish Library$bHMNTS
=985  \\$aRecord amended for WR# 13/070
=CAT  \\$a5997$b40$c20120104$lBLL01$h1301
=CAT  \\$aBATCH-TCO$c20120117$lBLL01$h0038
=CAT  \\$aWR13_070$b00$c20130504$lBLL01$h0336
=CAT  \\$aW1711-1225$c20171203$lBLL01$h1046
=FIN  \\$aY$d20120104
=LET  \0$aFarming link news alerts (Electronic)
=LKR  \\$aPAR$b016001780$lBLL01$nFarming link (Online)$mFarming link news alerts (Online)$r78000
=STA  \\$aSUPPRESSED$bunable to determine reason for suppression
=TCO  \\$aCLA$bCLA$c008
=LAS  \\$aW1711-1225$b00$c20171203$lBLL01$h1046

