=LDR  01880 am a2200481 i 4500
=001  016160528
=003  Uk
=005  20150702135014.0
=006  m\\\\||\\d\|\\\\\\
=007  cr\|||||||||||
=008  150428s2012\\\\enk\\\\\ob\\\o000\0\eng\d
=FMT  \\$a  BK
=015  \\$aGBB586765$2bnb
=040  \\$aIiNdDKA$beng$cIiNdDKA$erda
=042  \\$aukblsr
=043  \\$ae-uk-en
=082  04$a378.380942$223
=110  2\$aHigher Education Funding Council for England,$eauthor.
=245  10$aStudent number controls and teaching funding in 2013-14 and beyond :$bSummary of responses to consultation and decisions made.
=264  \1$a[Bristol?] :$bHigher Education Funding Council for England,$cJuly 2012.
=300  \\$a1 online resource (49 pages).
=336  \\$atext$2rdacontent
=337  \\$acomputer$2rdamedia
=338  \\$aonline resource$2rdacarrier
=490  1\$aPolicy development. Consultation outcomes ;$vJuly 2012/19
=504  \\$aIncludes bibliographical references.
=650  \0$aEducation, Higher$zEngland$xFinance.
=650  \0$aCollege teaching$zEngland$xFinance.
=650  \0$aCollege attendance$zEngland.
=650  \0$aCollege costs$zEngland.
=856  40$uhttp://www.hefce.ac.uk/media/hefce/content/pubs/2012/201219/2012_19.pdf
=830  \0$aPolicy development (Higher Education Funding Council for England). Consultation outcomes$vJuly 2012/19.
=852  \\$aBritish Library$bHMNTS
=985  \\$aNETCAT record
=CAT  \\$a10958$b40$c20120903$lBLL01$h0954
=CAT  \\$a10983$b40$c20120911$lBLL01$h1543
=CAT  \\$a11279$b40$c20131122$lBLL01$h1001
=CAT  \\$aBATCH-SURR$b00$c20150702$lBLL01$h1349
=CAT  \\$aW1711-1225$c20171203$lBLL01$h1049
=FIN  \\$aY$d20150702
=SRC  \\$aNETCAT$bnetcatem.mrc.20150702
=STA  \\$aSUPPRESSED$bunable to determine reason for suppression
=LAS  \\$aW1711-1225$b00$c20171203$lBLL01$h1049

