=LDR  01980 am a2200469 i 4500
=001  016173559
=003  Uk
=005  20141014163217.0
=006  m\\\\||\\d\|\\\\\\
=007  cr\|||||||||||
=008  140224s2012\\\\enka\\\\ob\\\o000\0\eng\d
=FMT  \\$a  BK
=015  \\$aGBB4B2268$2bnb
=040  \\$aIiNdDKA$beng$cIiNdDKA$erda
=042  \\$aukblsr
=043  \\$ae-uk-en
=082  04$a378.1610942$223
=100  1\$aParry, Gareth,$d1950-$eauthor.
=245  10$aUnderstanding higher education in further education colleges /$cGareth Parry, University of Sheffield, Claire Callender, Peter Scott and Paul Temple, Institute of Education University of London.
=264  \1$aLondon :$bDepartment for Business Innovation & Skills,$cJune 2012.
=300  \\$a1 online resource (218 pages) :$billustrations (colour).
=336  \\$atext$2rdacontent
=337  \\$acomputer$2rdamedia
=338  \\$aonline resource$2rdacarrier
=490  0\$aBIS research paper ;$vnumber 69
=500  \\$aPublisher's number: URN 12/905.
=504  \\$aIncludes bibliographical references (pages 186-192).
=588  \\$aDescription based on online resource; title from PDF cover page (viewed on February 24, 2014).
=650  \0$aCollege applications$zEngland.
=650  \0$aEducation, Higher$zEngland.
=710  1\$aGreat Britain.$bDepartment for Business, Innovation and Skills,$eissuing body.
=856  40$uhttp://www.bis.gov.uk/assets/biscore/higher-education/docs/u/12-905-understanding-higher-education-in-further-education-colleges
=852  \\$aBritish Library$bHMNTS
=985  \\$aNETCAT record
=CAT  \\$a10958$b40$c20120919$lBLL01$h1132
=CAT  \\$aBATCH-SURR$b00$c20141014$lBLL01$h1629
=CAT  \\$aBATCH-UPD$b00$c20141226$lBLL01$h2132
=CAT  \\$aW1711-1225$c20171203$lBLL01$h1050
=FIN  \\$aY$d20141014
=SRC  \\$aNETCAT$bnetcatem.20141014
=STA  \\$aSUPPRESSED$bunable to determine reason for suppression
=LAS  \\$aW1711-1225$b00$c20171203$lBLL01$h1050

