=LDR  01757 am a2200481 a 4500
=001  013993158
=003  Uk
=005  20071019114115.0
=006  m\\\\|\\\d\|\\\\\\
=007  cr||||||||||||
=008  070924s2007\\\\enk||||\s||||o00|\0\eng\\
=015  \\$aGBA785164$2bnb
=020  \\$cNo price
=040  \\$aUk$beng$cUk
=042  \\$aukblsr
=082  04$a352.632340941$222
=245  00$aCutting bureaucracy for our public services$h[electronic resource].
=260  \\$a[London :$bDept. for Business, Enterprise and Regulatory Reform,$c2007]
=336  \\$atext$2rdacontent
=337  \\$acomputer$2rdamedia
=338  \\$aonline resource$2rdacarrier
=500  \\$aTitle from PDF title page (viewed on 19 Oct., 2007).
=500  \\$aPublisher's no.: URN 07/1333.
=516  \\$aPDF format.
=538  \\$aMode of access: World Wide Web.
=538  \\$aSystem requirements: Adobe Acrobat Reader.
=650  \0$aBureaucracy$zGreat Britain.
=650  \0$aPublic administration$zGreat Britain.
=710  1\$aGreat Britain.$bCabinet Office.
=710  1\$aGreat Britain.$bDepartment for Business, Enterprise and Regulatory Reform.
=852  \\$aBritish Library$bHMNTS
=856  40$uhttp://bre.berr.gov.uk/regulation/documents/public_sector/strategy.pdf
=985  \\$aRecord amended for WR# 13/070
=CAT  \\$a10902$b40$c20070924$lBLL01$h1412
=CAT  \\$a10902$b40$c20070924$lBLL01$h1414
=CAT  \\$a8141$b40$c20071019$lBLL01$h1122
=CAT  \\$a8141$b40$c20071019$lBLL01$h1141
=CAT  \\$aWR13_070$b00$c20130504$lBLL01$h0256
=CAT  \\$aW1711-1225$c20171203$lBLL01$h1027
=FIN  \\$aY$d20071019
=FMT  \\$a  BK
=LAS  \\$aW1711-1225$b00$c20171203$lBLL01$h1027
=STA  \\$aSUPPRESSED$bunable to determine reason for suppression

