=LDR  02445 ai a2200565 a 4500
=001  014237225
=003  Uk
=005  20080221153458.0
=006  m\\\\\\\\m\\\\\\\\
=007  cr\mn|||||||||
=008  071016c20049999miumr\d\saai\\0\\\\2eng\d
=035  \\$a(OCoLC)174289716
=040  \\$aTXA$cTXA$dUk
=042  \\$aukblsr
=082  04$a011.75$222
=245  00$aDissertations & theses$h[electronic resource] :$bfull text.
=246  3\$aDissertations and theses
=246  1\$iTitle on product description screen:$aProQuest dissertations & theses database
=246  1\$iAlso known as:$aPQDT
=246  1\$iAlso known as:$aProQuest dissertations & theses :$bfull text
=247  10$aProQuest digital dissertations
=260  \\$a[Ann Arbor, Mich.] :$bProQuest
=310  \\$aUpdated monthly.
=336  \\$atext$2rdacontent
=337  \\$acomputer$2rdamedia
=338  \\$aonline resource$2rdacarrier
=362  1\$aBegan in 2004?
=500  \\$aTitle from search screen (viewed on Oct. 14, 2007).
=506  \\$aSubscription required for access.
=516  \\$aSearchable database.
=520  \\$aIndex of North American and European doctoral dissertations and master's theses. A large number of the titles are available in full-text. Dissertations published from 1980 forward include 350-word abstracts written by the author. Master's theses published from 1988 forward include 150-word abstracts. Period covered: 1861-.
=538  \\$aMode of access: World Wide Web.
=538  \\$aSystem requirements: PC; Web browser; Adobe Acrobat Reader.
=580  \\$aIndex of North American and European doctoral theses for 1961-1980 also available in: Dissertation abstracts 1861-1980.
=650  \0$aDissertations, Academic$vIndexes.
=650  \0$aDissertations, Academic$vAbstracts.
=710  2\$aProQuest (Firm)
=787  1\$tDissertation abstracts 1861-1980
=852  41$aBritish Library$bHMNTS
=856  40$uhttp://proquest.umi.com/login?COPT=REJTPTNiMGYmSU5UPTAmVkVSPTI=
=CAT  \\$a6524$b40$c20071101$lBLL01$h0913
=CAT  \\$a3072$b40$c20080220$lBLL01$h1633
=CAT  \\$a3072$b40$c20080221$lBLL01$h1534
=CAT  \\$aBATCH-UPD$b40$c20131021$lBLL01$h1141
=FMT  \\$a  SE
=LAS  \\$aBATCH-UPD$b40$c20131021$lBLL01$h1141
=LKR  \\$aPAR$b013177012$lBLL01$r787$mDissertations & theses full text.$nDissertation abstracts 1861-1980
=SID  \\$aZ39$bOCLC
=STA  \\$aSUPPRESSED$bDatabase
=TCO  \\$aTRS$bCCC$c008

