=LDR  01609 am a2200457 a 4500
=001  014275142
=003  Uk
=005  20080331112549.0
=006  m\\\\|\\\d\|\\\\\\
=007  cr||||||||||||
=008  071106s2007\\\\stk\\\\\s\\\\o000\0\eng\\
=015  \\$aGBA850496$2bnb
=020  \\$a9780755954537 :$cNo price
=040  \\$aUk$beng$cUk
=042  \\$aukblsr
=082  04$a639.21$222
=245  02$aA strategic framework for Scottish freshwater fisheries$h[electronic resource] :$ba consultation document.
=260  \\$aEdinburgh :$bScottish Government,$c2007.
=336  \\$atext$2rdacontent
=337  \\$acomputer$2rdamedia
=338  \\$aonline resource$2rdacarrier
=500  \\$aTitle from p.1 of PDF file (viewed on 31 Mar., 2008).
=516  \\$aPDF format.
=530  \\$aAlso in HTML format.
=530  \\$aAlso issued in print format.
=538  \\$aMode of access: World Wide Web.
=538  \\$aSystem requirements: Adobe Acrobat Reader.
=650  \0$aFisheries$zScotland.
=710  1\$aScotland.$bScottish Government.
=710  2\$aNatural Scotland.
=852  41$aBritish Library$bHMNTS
=856  40$uhttp://www.scotland.gov.uk/Resource/Doc/197981/0052912.pdf
=856  40$uhttp://www.scotland.gov.uk/Publications/2007/09/13103142/0
=CAT  \\$a7750$b40$c20071106$lBLL01$h1047
=CAT  \\$a7750$b40$c20071106$lBLL01$h1048
=CAT  \\$a7332$b40$c20080331$lBLL01$h1125
=CAT  \\$aW1711-1225$c20171203$lBLL01$h1027
=FIN  \\$aY$d20080331
=FMT  \\$a  BK
=LAS  \\$aW1711-1225$b00$c20171203$lBLL01$h1027
=STA  \\$aSUPPRESSED$bunable to determine reason for suppression

