=LDR  01752 am a2200493 a 4500
=001  014339092
=003  Uk
=005  20071214115321.0
=006  m\\\\|\\\d\|\\\\\\
=007  cr||||||||||||
=008  071111s2007\\\\enk||||\s||||o00|\0\eng\\
=015  \\$aGBA7A2957$2bnb
=020  \\$cNo price
=040  \\$aUk$beng$cUk
=042  \\$aukblsr
=082  04$a333.7940941$222
=245  00$aRenewable heat support mechanisms.$h[electronic resource] /$c[Ernst & Young].
=260  \\$a[London :$bBERR,$c2007]
=336  \\$atext$2rdacontent
=337  \\$acomputer$2rdamedia
=338  \\$aonline resource$2rdacarrier
=500  \\$aTitle from PDF title page (viewed on 14 Dec., 2007).
=500  \\$aPublisher's no.: URN 07/1557.
=500  \\$a"23 October 2007."
=516  \\$aPDF format.
=538  \\$aMode of access: World Wide Web.
=538  \\$aSystem requirements: Adobe Acrobat Reader.
=650  \0$aGovernment aid$zGreat Britain.
=650  \0$aRenewable energy sources$zGreat Britain$xCosts.
=710  1\$aGreat Britain.$bDepartment for Business, Enterprise and Regulatory Reform.
=710  1\$aGreat Britain.$bDepartment for Environment, Food & Rural Affairs.
=710  2\$aErnst & Young.
=852  \\$aBritish Library$bHMNTS
=856  40$uhttp://www.berr.gov.uk/files/file42043.pdf
=985  \\$aRecord amended for WR# 13/070
=CAT  \\$a7750$b40$c20071111$lBLL01$h1437
=CAT  \\$a7750$b40$c20071111$lBLL01$h1438
=CAT  \\$a8141$b40$c20071214$lBLL01$h1153
=CAT  \\$aWR13_070$b00$c20130504$lBLL01$h0257
=CAT  \\$aW1711-1225$c20171203$lBLL01$h1027
=FIN  \\$aY$d20071214
=FMT  \\$a  BK
=LAS  \\$aW1711-1225$b00$c20171203$lBLL01$h1027
=STA  \\$aSUPPRESSED$bunable to determine reason for suppression

