=LDR  01480 am a2200433 a 4500
=001  014518488
=003  Uk
=005  20080310090329.0
=006  m\\\\|\\\d\|\\\\\\
=007  cr||||||||||||
=008  080212s2008\\\\enk||||\s\\\\o00|\0\eng\\
=FMT  \\$a  BK
=015  \\$aGBA826543$2bnb
=020  \\$cNo price
=040  \\$aUk$beng$cUk
=042  \\$aukblsr
=082  04$a333.790941$222
=245  00$aGuidance note for regional energy data$h[electronic resource].
=260  \\$a[London] :$bBERR,$c[2008]
=336  \\$atext$2rdacontent
=337  \\$acomputer$2rdamedia
=338  \\$aonline resource$2rdacarrier
=538  \\$aMode of access: World Wide Web.
=538  \\$aSystem requirements: Adobe Acrobat Reader.
=500  \\$aTitle from PDF title page (viewed on 10 Mar., 2008).
=516  \\$aPDF format.
=500  \\$aPublisher's no.: URN 08/522.
=650  \0$aPower resources$zGreat Britain.
=710  1\$aGreat Britain.$bDepartment for Business, Enterprise and Regulatory Reform.
=856  40$uhttp://www.berr.gov.uk/files/file42994.pdf
=852  41$aBritish Library$bHMNTS
=985  \\$aRecord amended for WR# 13/070
=CAT  \\$a10902$b40$c20080212$lBLL01$h1109
=CAT  \\$a11281$b40$c20080310$lBLL01$h0903
=CAT  \\$aWR13_070$b00$c20130504$lBLL01$h0300
=CAT  \\$aW1711-1225$c20171203$lBLL01$h1028
=FIN  \\$aY$d20080310
=STA  \\$aSUPPRESSED$bunable to determine reason for suppression
=LAS  \\$aW1711-1225$b00$c20171203$lBLL01$h1028

