=LDR  01903 ai a2200505 a 4500
=001  014526567
=003  Uk
=005  20081204153806.0
=006  m\\\\\\\\d\\\\\\\\
=007  cr\cn|||||||||
=008  080221c200u9999cc\qr\d\s\\\\o0\\\a2eng\\
=FMT  \\$a  SE
=040  \\$aUk$beng$cUk
=042  \\$aukblsr
=082  04$a338.7402551$222
=245  00$aChinese companies and products$h[electronic resource] :$bECECDB.
=246  30$aCECDB
=246  1\$iTitle bar :$aDatabases of Chinese companies and products (English version)
=246  1\$iAt head of title screen :$aWanfang data
=250  \\$aEnglish version.
=260  \\$aBeijing :$bWanfangdata Co. Ltd.
=310  \\$aUpdated quarterly
=336  \\$atext$2rdacontent
=337  \\$acomputer$2rdamedia
=338  \\$aonline resource$2rdacarrier
=538  \\$aMode of access: World Wide Web.
=520  \\$aA comprehensive database of current information on companies and products of China. The database provides information on company profiles, products, capitals, revenues, profits, contact details, and web sites.
=500  \\$aTitle from title screen (viewed on Dec. 4, 2008).
=650  \0$aCorporations$zChina$vDatabases.
=651  \0$aChina$xCommerce$vDatabases.
=690  7\$aManagement and Business Studies$2blcoll
=856  40$uhttp://www.wanfangdata.com/ECECDB/intr.asp
=852  41$aBritish Library$bHMNTS
=CAT  \\$a6524$b40$c20080221$lBLL01$h0903
=CAT  \\$a6524$b40$c20080221$lBLL01$h0904
=CAT  \\$a3072$b40$c20081204$lBLL01$h1342
=CAT  \\$a3072$b40$c20081204$lBLL01$h1349
=CAT  \\$a3072$b40$c20081204$lBLL01$h1538
=CAT  \\$aBATCH$b00$c20090625$lBLL01$h1714
=CAT  \\$aWR11_155$c20120104$lBLL01$h1854
=CAT  \\$aBATCH-UPD$b00$c20131021$lBLL01$h1141
=FIN  \\$aY$d20081204
=STA  \\$aSUPPRESSED$bDatabase
=TCO  \\$aZZZ$c008
=LAS  \\$aBATCH-UPD$b00$c20131021$lBLL01$h1141

