=LDR  01854cai a2200469 a 4500
=001  014526606
=003  Uk
=005  20081204135930.0
=006  m\\\\\\\\d\\\\\\\\
=007  cr\cn|||||||||
=008  060707c20059999cc\qr\d\s\\\\\0\\\\2chi\d
=FMT  \\$a  SE
=035  \\$a(OCoLC)70259399
=040  \\$aHMY$cHMY$dHMY$dUk
=042  \\$aukblsr
=245  00$aPolicies and Laws of China (PLOC) in Chinese$h[electronic resource].
=246  30$aPolicies and Laws of China in Chinese
=246  30$aPLOC
=246  1\$iAt head of title screen:$aWanfang data
=246  1\$6880-01$iAt head of title screen also in Chinese :$aWan fang shu ju
=260  \\$aBeijing :$bWanfangdata Co., Ltd.,$c[2005]-
=310  \\$aUpdated quarterly
=336  \\$atext$2rdacontent
=337  \\$acomputer$2rdamedia
=338  \\$aonline resource$2rdacarrier
=538  \\$aMode of access: World Wide Web.
=500  \\$aTitle from title screen (viewed on July. 7, 2006).
=520  \\$aA comprehensive database of policies and laws of China. The database provides information on Chinese jurisdiction, legislature, and business laws. It holds records covering a comprehensive range of Chinese policies, regulations and laws of both national and regional levels from 1949 onward.
=650  \0$aLaw$zChina$vDatabases.
=651  \0$aChina$xPolitics and government$y1949-$vDatabases.
=856  40$uhttp://www.wanfangdata.com/ploc/intr.asp
=852  41$aBritish Library$bHMNTS
=CAT  \\$a6524$b40$c20080221$lBLL01$h0937
=CAT  \\$a6524$b40$c20080221$lBLL01$h0938
=CAT  \\$a3072$b40$c20081204$lBLL01$h1359
=CAT  \\$aWR11_155$c20120104$lBLL01$h1854
=CAT  \\$aBATCH-UPD$b00$c20131021$lBLL01$h1141
=FIN  \\$aY$d20081204
=SID  \\$aZ39$bOCLC
=STA  \\$aSUPPRESSED$bDatabase
=TCO  \\$aZZZ$c008
=LAS  \\$aBATCH-UPD$b00$c20131021$lBLL01$h1141

