=LDR  01875 am a2200493 a 4500
=001  014624217
=003  Uk
=005  20080820144802.0
=006  m\\\\|\\\d\|\\\\\\
=007  cr||||||||||||
=008  080522s2008\\\\stk||||\s\\\\o00|\0\eng\\
=FMT  \\$a  BK
=015  \\$aGBA8A2153$2bnb
=020  \\$a9780755970117 :$cNo price
=040  \\$aUk$beng$cUk
=042  \\$aukblsr
=082  04$a361.2509411$222
=245  03$aAn assessment of the value of planning agreements in Scotland$h[electronic resource] /$cRaymond McMaster ... [et al.].
=260  \\$aEdinburgh :$bScottish Government Social Research,$c2008.
=300  \\$a4 p. :$bdigital, PDF file.
=336  \\$atext$2rdacontent
=337  \\$acomputer$2rdamedia
=338  \\$aonline resource$2rdacarrier
=490  1\$aResearch findings ;$vno. 11/2008
=538  \\$aMode of access: World Wide Web.
=538  \\$aSystem requirements: Adobe Acrobat Reader.
=500  \\$aTitle from p.1 of PDF file (viewed on Aug. 20, 2008).
=530  \\$aAlso issued in print format; also in HTML format.
=500  \\$a"Housing, regeneration and planning."
=650  \0$aPlanning$zScotland.
=650  \0$aPlanning$xLaw and legislation$zScotland.
=700  1\$aMcMaster, Raymond.
=710  1\$aScotland.$bSocial Research.
=830  \0$aResearch findings (Scotland. Social Research) ;$vno. 11/2008.
=856  40$uhttp://www.scotland.gov.uk/Resource/Doc/217716/0058310.pdf
=856  40$uhttp://www.scotland.gov.uk/Publications/2008/03/31095120/0
=852  \\$aBritish Library$bHMNTS
=CAT  \\$a7750$b40$c20080522$lBLL01$h1408
=CAT  \\$a7750$b40$c20080522$lBLL01$h1409
=CAT  \\$a8141$b40$c20080820$lBLL01$h1448
=CAT  \\$aW1711-1225$c20171203$lBLL01$h1029
=FIN  \\$aY$d20080820
=STA  \\$aSUPPRESSED$bunable to determine reason for suppression
=LAS  \\$aW1711-1225$b00$c20171203$lBLL01$h1029

