=LDR  02389 am a2200577 a 4500
=001  014676152
=003  Uk
=005  20100204175616.0
=006  m||||||||d||||||||
=007  cr||||||||||||
=008  091022s2008\\\\enk\\\\\s\\\\o000|0\eng|\
=FMT  \\$a  BK
=015  \\$aGBB020692$2bnb
=040  \\$aStDuBDS$beng$cStDuBDS
=041  0\$aeng$avie
=042  \\$aukblsr
=082  04$a363.7387409597$222
=245  00$aTechnology and finance for CDM projects in Vietnam$h[electronic resource].
=260  \\$aLondon :$bDepartment for Business, Enterprise & Regulatory Reform,$c2008.
=300  \\$a32 p. :$bdigital, PDF file.
=336  \\$atext$2rdacontent
=337  \\$acomputer$2rdamedia
=338  \\$aonline resource$2rdacarrier
=520  \\$a"English and Vietnamese language brochure for the Vietnam trade mission on clean development mechanisms in January 2008. Gives details of the company representatives who attended the mission." - BERR website (Reports & Publications).
=500  \\$aTitle from PDF title page (viewed on 22 October 2009).
=538  \\$aMode of access: World Wide Web.
=538  \\$aSystem requirements: Adobe Acrobat Reader.
=546  \\$aText in English and Vietnamese.
=650  \0$aCarbon dioxide mitigation$zVietnam$vDirectories.
=650  \0$aRenewable energy sources$zVietnam$vDirectories.
=650  \0$aSustainable development$zVietnam$vDirectories.
=651  \0$aGreat Britain$xCommerce$zVietnam.
=710  1\$aGreat Britain.$bDepartment for Business, Enterprise and Regulatory Reform.
=856  40$uhttp://www.berr.gov.uk/files/file46856.pdf
=852  \\$aBritish Library$bHMNTS
=985  \\$aNETCAT record
=985  \\$aRecord amended for WR# 13/070
=CAT  \\$a10902$b40$c20080723$lBLL01$h1317
=CAT  \\$a7332$b40$c20090601$lBLL01$h0831
=CAT  \\$a7332$b40$c20090601$lBLL01$h0845
=CAT  \\$aBATCH-SURR$b00$c20100204$lBLL01$h1754
=CAT  \\$aBATCH$b00$c20100204$lBLL01$h1756
=CAT  \\$aBATCH-CORR$c20100211$lBLL01$h1313
=CAT  \\$aBATCH$b00$c20100910$lBLL01$h1136
=CAT  \\$aWR13_070$b00$c20130504$lBLL01$h0304
=CAT  \\$aWR13_070C$c20130611$lBLL01$h1855
=CAT  \\$aW1711-1225$c20171203$lBLL01$h1030
=FIN  \\$aY$d20100211
=SRC  \\$aNETCAT$bnetcatem.20100204
=STA  \\$aSUPPRESSED$bunable to determine reason for suppression
=LAS  \\$aW1711-1225$b00$c20171203$lBLL01$h1030

