=LDR  01885 am a2200469 a 4500
=001  014696023
=003  Uk
=005  20090127152123.0
=006  m\\\\|\\\d\|\\\\\\
=007  cr||||||||||||
=008  080819s2008\\\\enk\\\\\s\\\\o000\0\eng\\
=FMT  \\$a  BK
=015  \\$aGBA907737$2bnb
=020  \\$cNo price
=040  \\$aUk$beng$cUk
=042  \\$aukblsr
=082  04$a343.410929$222
=245  00$aExemption from the requirement for a licence to generate electricity$h[electronic resource] :$bproposal to make the Electricity Act 1989 (Exemption for the Requirement for a Generation Licence) (England and Wales) (No.[ ]) Order 2008 - Rhyl Flats Wind Farm Limited.
=260  \\$a[London] :$bBERR,$c2008.
=300  \\$a9 p. :$bdigital, PDF file.
=336  \\$atext$2rdacontent
=337  \\$acomputer$2rdamedia
=338  \\$aonline resource$2rdacarrier
=538  \\$aMode of access: World Wide Web.
=538  \\$aSystem requirements: Adobe Acrobat Reader.
=500  \\$aTitle from PDF title page (viewed on 27 Jan., 2009).
=500  \\$aPublisher's no.: URN 08/1157.
=650  \0$aElectric industries$xLaw and legislation$zGreat Britain.
=650  \0$aElectric industries$xLicences$zGreat Britain.
=710  1\$aGreat Britain.$bDepartment for Business, Enterprise and Regulatory Reform.
=856  40$uhttp://www.berr.gov.uk/files/file47389.pdf
=852  \\$aBritish Library$bHMNTS
=852  41$aBritish Library$bHMNTS$jDigital store
=985  \\$aRecord amended for WR# 13/070
=CAT  \\$a7750$b40$c20080819$lBLL01$h0837
=CAT  \\$a7750$b40$c20080819$lBLL01$h0838
=CAT  \\$a7332$b40$c20090127$lBLL01$h1521
=CAT  \\$aWR13_070$b00$c20130504$lBLL01$h0305
=CAT  \\$aW1711-1225$c20171203$lBLL01$h1030
=FIN  \\$aY$d20090127
=STA  \\$aSUPPRESSED$bunable to determine reason for suppression
=LAS  \\$aW1711-1225$b00$c20171203$lBLL01$h1030

