=LDR  01383 am a2200409 a 4500
=001  014819512
=003  Uk
=005  20090123105952.0
=006  m\\\\|\\\d\|\\\\\\
=007  cr||||||||||||
=008  081117s2002\\\\enk||||\s\\\\o000\0\eng\\
=FMT  \\$a  BK
=015  \\$aGBA907230$2bnb
=020  \\$cNo price
=040  \\$aUk$beng$cUk
=042  \\$aukblsr
=082  04$a363.59460941$222
=245  00$aHousing for older people$h[electronic resource].
=260  \\$aLondon :$bHousing Corporation,$c2002.
=300  \\$a8 p. :$bdigital, PDF file.
=336  \\$atext$2rdacontent
=337  \\$acomputer$2rdamedia
=338  \\$aonline resource$2rdacarrier
=538  \\$aMode of access: World Wide Web.
=538  \\$aSystem requirements: Adobe Acrobat Reader.
=500  \\$aTitle from PDF title page (viewed on Jan. 23, 2009).
=650  \0$aOlder people$xHousing$xGovernment policy$zGreat Britain.
=710  2\$aHousing Corporation.
=856  40$uhttp://www.housingcorp.gov.uk/upload/pdf/olderpolicy.pdf
=852  \\$aBritish Library$bHMNTS
=CAT  \\$a7750$b40$c20081117$lBLL01$h0910
=CAT  \\$a7750$b40$c20081117$lBLL01$h0926
=CAT  \\$a8141$b40$c20090123$lBLL01$h1059
=CAT  \\$aW1711-1225$c20171203$lBLL01$h1031
=FIN  \\$aY$d20090123
=STA  \\$aSUPPRESSED$bunable to determine reason for suppression
=LAS  \\$aW1711-1225$b00$c20171203$lBLL01$h1031

