=LDR  01847 am a2200505 a 4500
=001  014907747
=003  Uk
=005  20090328113354.0
=006  m\\\\|\\\d\|\\\\\\
=007  cr||||||||||||
=008  090217s2008\\\\enk\\\\\sb\\\o000\0\eng\\
=FMT  \\$a  BK
=015  \\$aGBA932157$2bnb
=020  \\$cNo price
=040  \\$aUk$beng$cUk
=042  \\$aukblsr
=082  04$a621.3121340942$222
=245  00$aSevern tidal power - scoping topic paper.$pOther sea uses$h[electronic resource].
=260  \\$a[London] :$bDECC,$c2008.
=300  \\$a101 p. :$bdigital, PDF file.
=336  \\$atext$2rdacontent
=337  \\$acomputer$2rdamedia
=338  \\$aonline resource$2rdacarrier
=538  \\$aMode of access: World Wide Web.
=538  \\$aSystem requirements: Adobe Acrobat Reader.
=500  \\$aTitle from PDF title page (viewed on 28 Mar., 2009).
=504  \\$aIncludes bibliographical references.
=500  \\$aURN No.: 09/673.
=650  \0$aBarrages$zSevern River Estuary (England and Wales)
=650  \0$aTidal power-plants$zSevern River Estuary (England and Wales)
=710  1\$aGreat Britain.$bDepartment of Energy and Climate Change.
=710  2\$aABP Marine Environmental Research.
=710  2\$aBlack & Veatch.
=710  2\$aParsons Brinckerhoff.
=856  40$uhttp://severntidalpowerconsultation.decc.gov.uk/download?filename=other_sea_uses_t_p
=852  \\$aBritish Library$bHMNTS
=985  \\$aRecord amended for WR# 13/070
=CAT  \\$a7750$b40$c20090217$lBLL01$h0820
=CAT  \\$a7750$b40$c20090217$lBLL01$h0821
=CAT  \\$a7332$b40$c20090328$lBLL01$h1133
=CAT  \\$aWR13_070$b00$c20130504$lBLL01$h0310
=CAT  \\$aW1711-1225$c20171203$lBLL01$h1032
=FIN  \\$aY$d20090328
=STA  \\$aSUPPRESSED$bunable to determine reason for suppression
=LAS  \\$aW1711-1225$b00$c20171203$lBLL01$h1032

